1596 2824
551 184 719 217 INDEX

93 268 227 308 διέξοδος
242 273 467 312 βουλευμάτων
480 279 543 308 732

92 314 298 352 Διϊπολιώδης
313 317 414 348 xxxvii

91 355 238 395 ’Διΐφιλος
255 359 357 389 xxxvii

92 399 167 430 Δῖος
180 403 245 431 460

90 440 268 483 Διόσκοροι,
284 444 469 487 Διόσκουροι
485 451 546 480 931

89 485 261 517 διπλοίδιον
277 490 378 519 xxxvii

87 530 284 568 Διπολιώδης
299 533 401 563 xxxvii

86 570 221 610 Δίφιλος
235 575 336 604 xxxvii

87 615 136 653 δμ,
163 616 206 646 δν.
262 616 374 648 Canon
395 618 542 651 ‘Dawesii
568 622 733 654 chronicus

129 658 184 688 lias
199 658 319 690 litteras
334 668 481 703 spectans
496 667 558 696 298

88 701 197 736 δοκῶν,
211 701 227 731 ὁ
252 706 314 734 295

84 741 176 775 δόλος
191 750 224 774 et
238 744 338 785 λόγος
353 749 484 780 confusa
501 753 583 782 1128

83 787 189 825 δορι-
204 794 236 818 et
252 790 365 829 δορυ-
383 795 444 822 102

81 829 273 873 δορίκτητος,
288 833 486 874 δορίληπτος,
503 842 564 867 etc.
579 839 643 868 476

80 872 162 911 δουρὶ
180 873 232 903 viii

80 915 165 955 δρᾷν.
188 915 264 947 οἶσθ’
277 917 330 949 οὖν
343 919 359 950 ἲ)
375 922 489 960 δρᾶσον
506 925 567 953 225

80 957 164 999 δύνᾳ,
182 959 255 1001 δύνῃ
273 965 346 992 253.
372 963 430 1003 [V.
446 971 509 995 not.
523 966 563 996 ad
575 966 724 1008 Sophocl.

122 1002 258 1034 Pliiloct.
271 1006 345 1035 798.
364 1007 406 1037 G.
422 1007 469 1038 H.
483 1008 534 1048 S.]

78 1042 223 1076 δύνανται
238 1052 270 1076 et
285 1047 417 1080 δύναιντ’
433 1050 471 1081 ἂν
491 1053 571 1082 1175

76 1086 216 1127 δύρεσθαι
230 1089 290 1122 xix.
314 1095 378 1123 728

74 1131 248 1170 δυσφημεῖν
262 1144 334 1165 τινα
350 1139 410 1167 179

75 1174 254 1214 δυσχλανία
271 1179 332 1208 2-11

370 1304 417 1338 E.

71 1387 108 1419 ἔα
121 1393 205 1419 extra
222 1401 344 1422 versum
360 1397 401 1425 55

72 1432 213 1473 ἐγγελᾷν
228 1445 278 1465 xx.
304 1438 386 1467 1206

73 1473 206 1512 ἔγγονος
219 1483 252 1507 et
268 1476 397 1516 ἔκγονος
413 1480 541 1511 confusa
556 1484 617 1514 941

72 1516 144 1555 ἐγώ.
167 1517 251 1560 ἧμιν,
267 1521 341 1560 ἡμὶν
367 1533 435 1552 xxV.
484 1523 536 1554 An
549 1526 580 1563 μ’
597 1537 652 1566 pro
663 1540 716 1565 μοι

113 1564 188 1593 300.
214 1562 318 1603 ἔγωγε
331 1570 363 1595 et
378 1566 439 1604 ἐγὼ
451 1565 488 1598 σὲ
498 1569 626 1599 confusa
640 1573 714 1602 838.

110 1615 170 1641 μου
185 1612 215 1635 et
230 1619 282 1644 μοι
297 1609 427 1639 confusa
437 1612 513 1640 603.
543 1611 715 1651 Singularis

110 1653 142 1677 et
161 1647 288 1687 pluralis
311 1652 401 1693 hujus
425 1655 619 1693 pronominis
637 1667 713 1686 con-

108 1688 171 1720 fusi
189 1694 271 1724 1238

67 1744 137 1763 -ει
152 1739 185 1763 et
199 1748 261 1777 -ῃ
281 1737 488 1769 secundarum
512 1751 711 1782 personarum

109 1775 142 1807 ii.
160 1777 200 1808 xi.
223 1781 298 1810 413.
315 1783 379 1811 986

66 1815 92 1847 εἰ
107 1828 162 1858 pro
177 1820 243 1852 ἐπεὶ
260 1825 344 1853 1236

64 1860 144 1901 εἰδῇς
158 1868 190 1892 et
203 1864 270 1905 ἴδῃς
283 1865 409 1896 confusa
435 1871 496 1900 172

65 1901 125 1933 εἶεν
140 1911 225 1936 extra
240 1918 358 1938 versum
374 1913 414 1940 55

64 1946 129 1984 εἰκῆ
139 1947 249 1989 ῥᾳδίως
260 1953 335 1982 487.
360 1952 471 1992 [Cous.
483 1964 553 1994 quae
566 1959 711 1997 congessi

107 1989 138 2019 in
164 1991 235 2024 Ind.
262 1994 302 2024 ad
327 1995 458 2026 Porsoni
482 1997 613 2029 Advers.
638 2011 709 2041 pag.

107 2036 181 2065 346.
198 2046 222 2066 S.
255 2037 297 2068 G.
315 2038 362 2068 Η.
380 2038 434 2080 S.]

63 2074 121 2113 εἰμὶ
136 2076 313 2118 significans
327 2080 453 2121 ὕπαρξιν
468 2085 544 2114 662.
571 2085 627 2115 οὐκ
644 2084 708 2116 ἔσθ’

106 2117 197 2156 ὅπως,
214 2122 272 2165 οὐκ
286 2123 350 2154 ἔσθ’
366 2125 405 2155 ὡς
422 2125 507 2156 Add.
522 2130 617 2158 1161.
655 2130 706 2159 An

104 2162 189 2192 verbi
206 2165 286 2195 alius
309 2167 510 2207 participium
533 2180 605 2200 cum
626 2172 658 2202 li.
677 2183 704 2203 v.

103 2205 301 2246 conjunctum
317 2210 501 2250 elegantiuS,
526 2223 619 2251 quam
634 2224 704 2244 ver-

101 2247 177 2278 bum
187 2250 265 2280 illud
282 2252 411 2293 simplex
420 2253 507 2284 Add.
520 2257 613 2287 1161.
636 2256 703 2287 Ra-

100 2300 135 2321 ra
155 2293 314 2334 participii
337 2295 522 2326 substantivi
545 2308 616 2328 cum
641 2300 702 2330 alio

100 2334 266 2375 participio
276 2337 456 2377 conjunctio
468 2342 542 2371 358.
571 2340 613 2371 ὢν
627 2343 701 2373 sub-

101 2376 240 2408 auditum
257 2381 331 2411 782.
361 2380 413 2418 ὢν,
427 2381 463 2412 ’ὸν
474 2382 622 2414 facillime
637 2385 701 2416 ela-

103 2418 225 2457 buntur,
235 2425 402 2461 praesertim
414 2430 485 2464 post
493 2425 627 2457 similem
640 2433 700 2458 ter-

99 2461 300 2494 minationem
312 2468 387 2497 782.
419 2466 518 2504 ἔστιν,
532 2467 633 2508 ἔσται,
649 2469 701 2502 ἔσ-

98 2514 143 2534 τω
158 2505 288 2537 confusa
300 2511 365 2540 888

57 2543 127 2583 εἶμι.
150 2546 179 2578 εἶ
191 2547 296 2580 δώσων
313 2550 395 2581 Add.
412 2554 493 2584 1161

55 2587 189 2621 εἶνάλιος
204 2602 312 2631 pamm
326 2593 466 2625 Atticum
483 2598 525 2628 39

55 2629 184 2668 εἴσοδος,
202 2635 310 2666 theatri
324 2646 395 2677 pars
407 2638 495 2668 xxxix

55 2670 123 2706 εἶτα
135 2676 217 2714 μετὰ
230 2679 334 2717 τοῦτο,
350 2686 411 2714 etc.
426 2682 516 2713 xxxvi

763 187 996 221 GRAECUS.

1388 178 1444 221 89

791 279 924 318 ἔκγονος
936 289 968 313 et
984 283 1116 322 ἔγγονος
1132 285 1260 317 confusa
1274 289 1335 318 941

789 322 977 362 ἐκδέχεσθαί
989 327 1049 357 τινί
1062 340 1094 359 τι
1113 331 1175 360 533

786 367 981 399 ἐκδιδάσκειν
1000 371 1090 400 xxxvi

786 410 903 440 ἐκεῖθεν
916 422 953 441 an
968 422 1025 452 pro
1041 415 1105 445 ἐκεῖ
1119 417 1183 446 719

785 451 926 493 ἔκκριτος
941 462 973 485 et
988 456 1102 488 λεκτὸς
1110 457 1222 498 juncta
1240 462 1302 491 523

783 495 963 535 ἑκμέδιμνος
980 498 1066 529 Add.
1088 503 1169 532 1161

782 538 946 579 ἐκπρεπὴς,
963 542 1127 583 εὐπρεπὴς,
1138 544 1287 585 εὐτρεπὴς
1303 547 1432 578 confusa

824 586 888 614 558

779 623 915 658 ἐλεεινὸς
930 629 1058 660 verbum
1073 629 1190 661 Atticis
1203 632 1345 673 ignotum
1362 634 1392 663 iv

778 668 898 700 ἐλεινὸς
910 670 942 700 iv

777 711 878 742 ἐλπίς.
902 715 971 754 παρ’
986 715 1110 755 ἐλπίδα,
1127 717 1196 757 παρ’
1213 718 1343 750 ἐλπίδας
1361 723 1423 752 674

776 754 941 792 ἐμπίπτειν
956 759 1031 789 ἐς-
1047 762 1130 790 1010

775 797 808 827 ἐν
824 804 857 828 et
870 799 927 829 ὑπὸ
943 802 1073 833 confusa
1088 805 1174 835 1129

776 840 899 872 ἐνάλιος
914 846 955 874 38

775 884 907 916 ἐνθένδε.
930 886 1093 919 τούνθένδε
1109 892 1171 920 713

774 925 908 959 ἔνοπλος
921 935 953 959 et
968 931 1100 963 εὔοπλος
1114 932 1241 963 confusa
1258 936 1342 965 1072

772 968 922 1010 ἔνοπτρον
935 975 997 1004 913

771 1013 968 1053 ἑξαμέδιμνος
984 1016 1070 1047 Add.
1087 1020 1167 1049 1161

771 1056 946 1095 ἑξμέδιμνος
962 1059 1046 1091 Add.
1063 1063 1143 1092 1161

769 1098 930 1138 ἐξοικίζειν
944 1105 1006 1134 935

770 1141 915 1182 ἐπάρκεια
930 1148 994 1176 746

768 1184 932 1226 ἐπάρκεσις
946 1191 1010 1220 746

769 1229 835 1259 ἐπεί
855 1242 904 1260 τοι
930 1231 980 1262 καὶ
1006 1232 1093 1263 Add.
1113 1235 1207 1264 1161.
1221 1233 1279 1274 [V.
1297 1241 1361 1265 not.
1374 1236 1414 1265 ad

811 1272 904 1304 Poe't.
923 1274 1040 1305 Gnom.
1056 1287 1086 1316 p.
1097 1279 1149 1307 88.
1166 1282 1197 1307 et
1214 1278 1283 1309 [nd.
1294 1288 1326 1318 p.
1339 1281 1413 1310 362.

809 1314 840 1344 b.
867 1316 910 1346 G.
926 1317 974 1348 H.
992 1318 1047 1360 S.]

765 1357 935 1397 ἐπεικάζειν
949 1372 987 1390 xx

765 1399 873 1432 ἔπειτα
886 1403 965 1441 μετὰ
980 1405 1080 1436 ταῦτα
1095 1405 1182 1434 xxxvi
1286 1444 1289 1446 .

764 1444 957 1478 ἐπιβουλεύω
969 1458 1039 1477 cum
1054 1448 1210 1478 infinitivo
1226 1447 1310 1479 Add.
1328 1454 1409 1482 1161

764 1486 913 1529 ἐπίγειον,
940 1490 1082 1532 ἐπίγυον,
1109 1490 1270 1531 ἐπιγύαιον
1295 1494 1410 1526 xxxvii.

807 1540 921 1562 xxxviii

762 1572 932 1612 ἐπιδέμνιος
947 1577 1009 1607 915

762 1615 925 1657 ἐπίκρανον
940 1621 1003 1650 782

760 1658 874 1701 ἐπίστᾳ
902 1664 977 1692 253.
1017 1661 1075 1702 [V.
1106 1667 1173 1694 not.
1199 1663 1240 1693 ad
1263 1663 1412 1705 Sopliucl.

802 1702 939 1735 Philoct.
952 1708 1026 1736 798.
1045 1705 1088 1736 G.
1105 1705 1151 1737 H.
1165 1706 1219 1747 S.]

758 1743 864 1784 ἐπίσχ’
887 1750 951 1778 830

757 1787 895 1827 ἐπιτίμια
911 1793 996 1821 1069

757 1830 922 1870 ἐπίφθονος
940 1836 1021 1865 1167

757 1875 874 1913 ἐπῳδὸς
889 1878 972 1908 1254

757 1916 842 1956 ἔρνος
857 1921 898 1949 20

757 1960 798 1992 ἐς.
828 1960 882 1991 An
897 1961 1018 1992 Comici
1034 1962 1065 1993 ἐς
1076 1966 1148 1993 ante
1159 1965 1298 1994 vocalem
1314 1976 1402 1995 usur-

799 2010 877 2044 pent
894 2004 993 2035 xxxix.
1033 2005 1171 2036 Nomina
1184 2017 1254 2037 cuin
1271 2008 1301 2039 ἐς
1317 2019 1400 2038 com-

797 2046 900 2086 posita
914 2057 954 2077 an
975 2049 1059 2086 apud
1081 2048 1226 2080 Comicos
1240 2051 1400 2091 reperian-

796 2097 847 2118 tur
858 2090 958 2120 xxxix.
994 2089 1144 2130 [Porsoni
1155 2092 1250 2123 verba
1262 2095 1285 2123 si
1298 2094 1399 2124 Osan-

794 2141 853 2162 nus
868 2132 1017 2163 attentius
1040 2133 1178 2176 legisset,
1198 2145 1260 2165 non
1277 2143 1398 2167 contra-

795 2174 925 2205 dixisset
936 2175 1083 2216 Inscript.
1093 2177 1114 2208 i.
1125 2187 1157 2217 p.
1169 2180 1219 2208 13.
1242 2178 1398 2209 Porsonus

794 2217 877 2247 enim
901 2218 940 2248 de
965 2218 1105 2249 Comicis
1120 2220 1271 2260 loquitur:
1296 2231 1329 2251 at
1345 2222 1398 2251 ille

793 2260 936 2301 exempla
959 2271 977 2290 e
998 2261 1136 2302 Tragicis
1157 2263 1274 2295 attulit.
1319 2264 1398 2294 Om-

792 2302 867 2333 nino
891 2313 928 2334 ea
955 2309 1002 2334 est
1026 2304 1157 2335 Porsoni
1185 2306 1397 2346 praecipientis

791 2345 967 2386 diligentia,
1001 2356 1039 2376 ea
1075 2348 1323 2388 circumspectio,
1363 2357 1397 2380 ut

788 2388 911 2428 singula
934 2388 1001 2429 ejus
1024 2390 1120 2420 verba
1148 2391 1270 2422 attendi
1299 2402 1394 2433 opor-

787 2435 864 2462 teat.
892 2431 935 2462 G.
952 2431 999 2464 H.
1014 2431 1070 2473 S.]

745 2470 852 2505 ἔσοδος
889 2483 929 2504 an
965 2473 1051 2515 apud
1088 2474 1232 2508 comicos
1269 2477 1393 2518 legatur

788 2516 876 2546 xxxix

745 2557 900 2600 ἔσοπτρον
913 2561 977 2590 913

741 2601 863 2641 ἕτοιμος
878 2601 943 2633 sine
959 2602 1052 2634 verbo
1064 2603 1260 2636 substantivo
1275 2610 1387 2637 etcum

784 2655 822 2675 eo
838 2645 926 2676 Add.
940 2648 1024 2677 1161

741 2687 870 2727 εὐγενὴς
884 2693 916 2721 et
928 2690 1078 2730 νεαγενὴς
1092 2689 1221 2723 confusa
1235 2691 1288 2722 ,xiv
