1566 2789
162 52 185 86 2
646 45 1016 86 ΥΠΟΘΕΣΙΣ.
1063 22 1074 27 ”

205 168 293 208 αὐτῷ
307 169 370 199 τῶν
385 166 466 199 κατὰ
479 166 536 198 τὸν
547 166 645 207 χορὸν
658 167 814 206 ’γυναικῶν
825 165 1071 207 παρισταμένων.
1088 165 1158 196 ἔστι
1170 164 1203 196 δὲ
1216 164 1384 204 ὑπονοῆσαι
1396 166 1503 200 τοῦτο.

207 234 239 273 ἐξ
254 230 295 264 ἂν
310 232 409 272 φησὶν
421 230 579 273 Ἠλέκτρα
591 232 637 274 τῷ
646 233 744 272 χορῷ·
761 231 854 271 ΣίὙα,
871 231 960 272 σίγα,
975 230 1094 262 λεπτὸν
1105 231 1195 271 ἴχνος
1210 230 1360 272 ἀρβύλης.
1376 231 1506 263 πιθανὸν

209 298 265 330 οὖν
279 298 399 336 ταύτην
415 296 494 330 εἶναι
508 297 567 336 τὴν
582 297 740 339 πρόφασιν
753 298 810 334 τῆς
830 295 978 334 τοιαύτης
998 295 1172 328 διαθέσεως.
1195 296 1233 328 τὸ
1255 297 1355 337 δρᾶμα
1374 298 1437 328 τῶν
1460 296 1511 327 ἐπὶ

211 365 328 401 σκηνῆς
349 362 602 404 εὐδοκιμούντων,
626 363 788 404 χείριστον
811 361 845 395 δὲ
860 363 926 395 τοῖς
939 362 1038 400 ἤθεσι·
1052 362 1137 401 πλὴν
1151 362 1213 403 ’γὰρ
1225 361 1372 395 Πυλάδου
1387 361 1504 395 πάντες

212 430 327 469 φαῦλοι
342 427 433 467 ἦσαν.

491 749 588 791 AD
642 749 1180 792 ARGUMENTUM

539 854 644 886 VAR.
669 855 794 888 LECT.
821 856 917 887 MSS.
934 856 1154 886 DORVILL.

198 960 236 991 L.
256 963 285 992 1.
302 966 372 1001 post
382 962 670 1003 μεταπορευόμενος
685 964 729 995 D.
744 967 775 995 2.
787 965 875 995 addit
890 964 940 995 καὶ
956 964 1094 995 ἐκδικῶν.

198 1024 229 1051 3.
246 1025 316 1061 post
329 1020 488 1062 Τυνδάρεω
504 1022 546 1054 D.
564 1026 595 1054 l.
611 1023 727 1054 omittit
748 1023 793 1055 δὲ.

198 1083 229 1111 3.
243 1083 275 1111 4.
290 1080 566 1121 κατηγορήσαντος
582 1083 650 1114 κατ’
666 1083 772 1115 αὐτοῦ.
787 1084 1063 1123 κατηγορήσαντος
1074 1083 1169 1114 αὐτοῦ
1185 1084 1217 1114 ἐν
1229 1085 1274 1123 τῷ
1289 1083 1410 1122 πλήθει.
1429 1085 1470 1115 D.
1488 1088 1515 1115 1.

200 1141 233 1169 4.
249 1143 279 1169 5.
295 1139 328 1170 τί
341 1140 545 1172 δεῖοῐῐιίῒῑιιῃῑ
560 1142 603 1172 D.
619 1146 647 1174 1.
664 1145 695 1175 2.

200 1202 232 1229 5.
248 1202 279 1229 6.
303 1199 508 1240 ὑποστρέψας.
523 1201 734 1242 ἀποστρέψας,
753 1202 793 1233 D.
812 1206 841 1233 l.

201 1261 233 1288 6.
258 1258 336 1288 Post
361 1260 580 1292 εἶσαπέστειλε
596 1261 640 1293 D.
662 1265 688 1292 1.
705 1265 736 1294 2.
755 1262 877 1292 addunt
893 1264 934 1294 εἰς
944 1262 1000 1294 τὸν
1012 1262 1106 1294 οἷκον.

203 1320 235 1348 V.
260 1316 484 1358 ἀντιλέγοντος
495 1319 663 1361 Τυνδάρεω,
683 1321 724 1353 D.
744 1325 774 1352 1.

205 1379 238 1407 9.
256 1378 355 1409 συνὼν
366 1378 400 1409 δὲ
413 1379 548 1414 τούτοις,
566 1379 608 1410 D.
627 1383 656 1411 l.
672 1381 771 1411 συνὼν
786 1381 920 1415 τούτοις,
939 1380 979 1410 D.
992 1385 1024 1412 2.

185 1438 237 1466 11.
254 1436 388 1468 τούτοις.
410 1437 542 1475 ταύτην,
561 1437 602 1468 D.
619 1441 650 1469 2.

186 1498 238 1525 12.
260 1494 416 1536 Ἠλέκτρα
442 1495 476 1527 δὲ
499 1496 662 1536 Ἑρμιόνην
685 1499 895 1538 ἐπιφανεῖσαν.
920 1500 977 1538 τὴν
997 1499 1029 1531 δὲ
1054 1501 1115 1541 Ἑρ.
1132 1500 1229 1540 δείξας
1256 1502 1271 1531 ὃ
1294 1501 1458 1533 Ἀπόλλων
1475 1501 1517 1532 ἔδ,

276 1554 321 1585 D.
337 1558 371 1586 2.

190 1618 242 1645 1-1.
258 1615 370 1646 αὐτῶν.
386 1615 481 1646 αὐτοῦ
495 1616 551 1647 τοῦ
565 1616 726 1657 Ὀρέστου,
743 1617 784 1648 D.
804 1622 831 1649 l.

190 1677 242 1705 15.
269 1674 343 1704 Post
355 1673 533 1714 φθάσαντες
548 1674 592 1705 D.
612 1679 639 1708 1.
656 1680 686 1708 2.
710 1677 829 1707 addunt
853 1677 1116 1717 ἀσφαλισάμενοι·
1134 1684 1203 1720 post
1220 1678 1397 1715 ἠπείλησαν
1420 1679 1462 1711 D.
1490 1683 1518 1710 l.

278 1733 365 1764 addit
379 1733 452 1766 τοὺς
467 1738 579 1766 οἴκους.
