1566 2789
120 95 187 144 18

287 207 290 210 .
310 207 317 212 ,
336 201 355 218 c
396 189 501 240 ‚53:113
544 186 563 220 δ.
576 190 592 204 ⁴¹
606 189 627 209 ι·

527 98 1028 200 ΕΥΡΙΠΙΔΟΥ
1130 113 1137 135 ³

1119 152 1141 189 ’ἕ

986 198 993 210 ι
1009 204 1014 212 =
1030 192 1084 214 xij.
1096 189 1131 205 Ἀ».

203 238 424 307 ταξαθα)
429 234 601 287 ποὰέιοι
629 234 769 308 φξὲνοι
771 194 957 306 μύθοις.
991 281 997 292 ,
1025 266 1042 283 ,·

128 367 167 397 ad
185 366 402 398 Callimachea
415 369 500 398 notis
521 378 554 408 p.
577 371 652 399 286.
669 368 724 399 sed
739 369 773 399 in

129 411 199 440 loco
215 410 436 441 constituendo
451 411 632 452 longissime
655 422 674 442 a
699 421 773 442 vero

131 453 298 483 aberravit.
354 454 504 494 AEschyli
538 454 639 494 primo
663 465 773 485 versus

131 497 338 527 transcribam
350 508 366 527 e
377 497 549 527 Scholiaste
561 497 600 527 ad
612 498 775 538 Aristoph.

132 539 192 569 Av.
209 540 351 571 808.“Ως
366 540 390 570 δ’
416 539 484 571 ἐστὶ
507 542 609 579 μύθων
633 543 697 571 τῶν
724 545 774 571 Λι-

132 584 290 617 βυστικῶν
315 582 425 622 λόγος,
446 582 606 622 Πληγέντ’
632 583 775 624 ἀτράκτῳ

133 626 250 664 τοξικῷ
273 625 329 657 τὸν
351 626 444 657 ἀετὸν
467 626 584 667 Εἰπεῖν,
599 626 703 658 ἰδόντα
717 640 774 666 μη-

132 668 236 707 χανὴν
251 669 462 710 πτερώματος,
487 669 559 701 Τάδ’
575 671 637 710 οὐχ
653 671 701 700 ὑπ’
718 670 776 701 ἄλ-

131 717 207 746 λων,
225 711 310 743 ἀλλὰ
333 714 398 744 τοῖς
422 714 523 743 αὑτῶν
545 715 669 753 πτεροῖς
691 714 776 744 Ἅλι-

132 753 303 793 σκόμεσθα.
337 756 444 786 Verba
458 761 533 786 sunt
548 757 685 787 Achillei
701 767 776 796 que-

131 798 242 832 rentis,
260 799 343 838 quod
356 799 536 830 Patroclum
549 800 643 830 armis
654 799 717 830 suis
729 810 775 829 οι·-

131 846 240 870 natum
255 841 324 881 ipse
341 842 380 872 ad
392 853 504 872 necem
520 843 647 873 miserit.
682 842 776 872 Nunc

132 883 238 913 locum
254 885 402 926 Dionysii
424 885 597 915 videamus.
643 885 701 916 Καὶ
724 897 775 915 το-

133 926 255 964 σαύτην
278 927 450 967 ἐκμηκύνας
474 928 604 968 (Plato)
628 928 776 968 περίφρα-

132 981 198 1008 σιν,
231 969 351 1009 ὀλίγοις
378 973 445 1002 τοῖς
471 973 559 1011 (lege
585 971 776 1009 ὀλιγίστοις)

133 1012 253 1052 [Etiam
269 1014 303 1043 in
317 1014 479 1044 Plutarchi
490 1014 558 1045 vit.
571 1014 686 1044 Parall.
704 1020 726 1043 t.
742 1015 776 1044 ii.

132 1065 165 1094 p.
181 1058 256 1086 471.
273 1056 313 1086 R.
330 1056 450 1094 ὀλίγοις
464 1057 532 1086 τοῖς
546 1056 730 1086 mutandum
743 1056 776 1087 in

132 1097 317 1136 ὀλιγίστοις.
362 1098 454 1129 Idem
470 1099 581 1129 vitium
596 1100 629 1129 in
645 1110 697 1129 sex
713 1100 775 1139 pri-

132 1141 191 1170 mis
207 1141 420 1171 voluminibus
435 1141 587 1171 editionis
604 1142 778 1181 Lipsiensis

130 1182 248 1214 Galeni
278 1184 382 1224 aliqu
381 1184 448 1214 ties
476 1185 606 1216 coirexi.
655 1186 698 1215 G.
729 1185 777 1215 H.

132 1226 166 1257 S.
170 1225 184 1265 ]
225 1225 354 1265 ὀνόμασι
369 1226 539 1265 δυναμένου
549 1229 776 1268 περιληφθῆναι

130 1267 327 1324 πράγματος,
350 1269 599 1308 ἐπιλαμβάνεται
615 1272 673 1307 τῆς
689 1270 774 1302 ἀκαι-

132 1311 201 1351 ρίας
214 1312 307 1343 αυτὸς
323 1313 428 1348 αὐτοῦ,
445 1325 495 1343 και
511 1311 599 1351 φησί·
615 1315 697 1354 Σιγῇ
709 1326 775 1343 τοι-

130 1366 186 1386 νυν
211 1367 270 1393 μου
299 1355 401 1386 ἄκουε·
431 1357 477 1394 τῷ
505 1354 571 1386 ὄντι
599 1355 661 1396 γὰρ
697 1358 776 1387 θεῖος

129 1397 261 1438 [ἔοικεν]
283 1397 358 1429 εἶναι
383 1399 400 1429 6
424 1397 528 1429 τόπος·
545 1399 619 1430 ὥστ’
643 1398 697 1430 ἐὰν
720 1399 778 1439 ἄρα

130 1440 286 1472 πολλάκις
299 1440 521 1481 νυμφόληπτος
532 1442 679 1481 γένωμαι,
691 1446 777 1483 προΐ-

133 1484 224 1516 όντος
237 1485 295 1514 τοῦ
311 1483 422 1523 λόγου,
438 1484 481 1523 μὴ
497 1484 662 1526 θαυμάσῃς·
672 1484 714 1516 τὰ
724 1486 777 1516 νῦν

131 1527 194 1568 γὰρ
209 1527 314 1559 οὐκέτι
340 1526 441 1568 πόρρω
471 1528 665 1569 διθυράμβων
686 1531 778 1560 τινῶν

132 1569 312 1610 φθέγγομαι
336 1592 466 1602 ......
487 1571 619 1604 πάλλων
634 1573 702 1604 τοῖς
724 1573 776 1603 αὐ-

132 1613 310 1652 τῶνλόγοις
320 1612 512 1653 ἃλισκόμεθα
530 1637 536 1644 .
555 1637 562 1645 .
579 1637 587 1645 .
605 1637 613 1645 .
626 1637 634 1645 .
653 1627 699 1651 αν,
713 1618 776 1647 δαι-

130 1657 301 1695 μονιώτατε
325 1656 472 1693 Πλάτων,
500 1657 692 1698 διθυράμβων
720 1658 775 1699 ψό-

130 1706 209 1739 φους
231 1700 282 1731 καὶ
305 1700 419 1741 λήρους
434 1700 644 1740 ἠγαπηκότες.
688 1702 775 1742 Lege

130 1750 165 1773 et
192 1744 304 1783 supple
318 1755 325 1773 :
352 1742 540 1783 φθέγγομαι.
583 1745 671 1776 ΤΑΔ’
695 1749 776 1776 ΟΎΧ

130 1787 187 1816 'rvr'
204 1786 322 1822 ἄλλων,
346 1791 451 1818 ΑΛΛΑ
473 1789 539 1819 τοῖς
561 1789 663 1819 αὑτῶν
684 1793 776 1819 ΠΤΕ-

131 1832 225 1862 Pom
238 1828 462 1869 ἁλισκόμεσθα,
477 1835 582 1861 ΚΑΤΑ
594 1836 675 1862 ΤΗΝ
688 1836 775 1862 ΤΡΑ-

133 1876 288 1908 ΓΩιΔῙαν,
307 1873 528 1912 δαιμονιώτατε
539 1873 686 1910 Πλάτων,
698 1876 776 1906 διθυ-

132 1913 258 1953 ράμβων
273 1915 392 1955 ψόφους
412 1915 462 1947 καὶ
478 1916 592 1956 λήρους
614 1917 776 1956 ἠγαπηκό-

134 1970 199 1988 τες.
244 1958 430 1989 Eustathius
442 1960 481 1989 ad
497 1960 591 1990 Iliad.
607 1965 639 1990 Z.
657 1971 687 1999 p.
702 1964 777 1992 632.

95 2027 98 2031 .
133 2003 306 2032 35:489.
326 2005 354 2031 l.
371 2003 386 2032 ὃ
402 2004 535 2043 Προῖτος
550 2003 668 2040 δηλαδὴ
683 2003 776 2043 (πέμ-

132 2044 189 2081 πε)
220 2043 276 2074 τὸν
302 2044 574 2086 Βελλεροφόντην,
609 2046 778 2086 γράμματα

132 2086 199 2117 καθ’
230 2087 352 2122 ἑαυτοῦ,
388 2086 566 2126 κομίζοντα,
596 2089 647 2120 καὶ
676 2091 778 2121 ταῦτα

133 2129 195 2168 οὐχ
211 2129 258 2159 ὑπ’
275 2129 394 2165 ἄλλων,
406 2130 492 2162 ἀλλὰ
506 2143 573 2162 τοις
584 2132 691 2167 αυτου,
703 2145 776 2173 τρα-

132 2173 272 2210 γῳδικῶς
286 2173 392 2210 εἰπεῖν,
415 2172 627 2223 ἁλισκόμενον.
641 2187 776 2215 πτεροις.

133 2214 239 2270 ⁸[Aqdd
253 2215 418 2244 Scholiast.
431 2215 562 2247 Luciani
579 2223 603 2247 t.
618 2218 640 2247 i.
655 2228 687 2258 Ρ.
702 2222 779 2250 794.

133 2270 186 2288 και
203 2258 299 2288 ουτως
308 2269 374 2288 τοις
387 2256 507 2288 οἰκείοις
522 2258 630 2300 ἂλώσῃ
642 2263 776 2298 πτεροῖς.

131 2301 168 2331 it.
186 2311 255 2341 quae
267 2300 410 2340 congessi
424 2299 458 2330 in
474 2306 540 2331 not.
555 2303 680 2333 adedit.
691 2304 777 2333 Heu-

133 2344 246 2380 sinon.
273 2343 389 2382 AEsopi
418 2353 449 2382 p.
481 2346 555 2374 136.
599 2346 642 2375 G.
659 2347 703 2377 H.
724 2347 777 2387 ›S'.]

135 2385 174 2415 W
177 2386 291 2416 'illerus
306 2390 448 2416 nostias:

133 2455 208 2480 “To
221 2456 245 2480 A
259 2455 280 2481 1.
283 2456 365 2481 ADY
379 2455 543 2518 SIOnggNG
559 2455 638 2481 oNF.
650 2457 697 2481 OF
712 2457 774 2482 HIS

382 2495 399 2518 S
487 2495 515 2519 S.

132 2543 148 2554 ¹⁴
167 2540 229 2566 that
245 2542 352 2573 Eagle's
367 2541 422 2565 fate
438 2542 492 2565 and
508 2541 581 2566 mine
595 2549 641 2566 are
655 2547 716 2569 one,

169 2580 238 2605 Who
254 2588 289 2605 on
304 2581 351 2606 the
363 2579 437 2607 shaft
449 2580 508 2605 that
524 2581 601 2606 made
616 2581 670 2605 him
687 2579 740 2608 die,

135 2617 237 2649 Espied
252 2627 267 2643 a
282 2619 388 2645 feather
400 2620 432 2645 of
444 2619 485 2643 his
500 2627 571 2649 own,

170 2657 338 2685 Wlaerewith
351 2659 385 2685 he
399 2662 475 2686 won‘.
487 2662 517 2684 to
529 2665 592 2683 soar
607 2665 637 2684 so
653 2654 748 2688 high.”

813 368 910 410 (Alia
933 369 1001 399 loca
1024 379 1061 399 ex
1088 367 1200 399 eadem
1223 368 1365 409 ejusdem
1388 367 1459 398 dra-

814 412 905 442 matis
922 422 1016 443 scena
1031 412 1174 442 desumta
1187 412 1259 442 vide
1274 411 1355 441 iufra
1371 412 1410 442 ad
1426 422 1462 441 v..

813 455 908 493 750.)

858 498 917 528 IX.
941 497 1108 529 Philemon
1133 499 1217 538 apud
1241 497 1401 529 Clericum
1426 507 1458 537 p.

815 544 855 572 37
860 544 890 571 2.
916 542 1118 572 Eustathium
1146 542 1186 571 ad
1212 541 1260 572 Ili·
1256 540 1305 571 td.
1329 545 1366 571 Ω.
1383 542 1461 570 617

814 595 847 624 Ρ.
866 587 958 615 1368.
973 589 990 615 5
996 588 1145 616 .-“1507.
1160 587 1213 615 38.
1231 583 1317 615 λίθον
1331 582 1389 622 μὲν
1399 581 1458 619 τὴν

815 625 938 666 Νιόβην
947 640 990 665 μα
999 627 1070 659 τοὺς
1078 627 1172 663 Θεοὺς,
1185 627 1267 658 Οὺδέ
1277 627 1345 657 ποτ’
1357 624 1460 656 ἐπείσ-

816 673 881 708 θην,
899 670 969 702 οὐδὲ
984 683 1039 701 νυν
1064 671 1270 709 πεισθήσομαι
1295 670 1349 700 ‘525
1375 668 1459 699 τοῦτ’

816 712 955 752 ἐγένετο.
1012 714 1176 744 Bentleius
1206 724 1327 744 versum
1356 712 1461 751 explet

816 756 953 797 legendo
967 756 1057 788 Λίθον
1071 756 1128 795 μὲν
1152 755 1228 787 εἶναι
1250 756 1309 794 τὴν
1331 753 1462 790 Νιόβην·

816 800 995 829 Bruuckius
1026 810 1082 840 pro
1113 800 1260 830 οὐδέποτε
1296 797 1461 827 substituit

815 842 978 872 οὐπώποτε
1001 844 1041 872 ad
1068 842 1230 881 Aristoph.
1261 840 1360 879 Vesp.
1387 843 1462 870 983.

818 885 941 914 Neuter
963 890 1059 915 recte.
1104 886 1167 915 Sed
1188 889 1289 914 tolum
1306 882 1463 912 Eustathii

815 928 923 957 locum
939 937 1099 968 apponeie
1111 927 1243 968 juvabit.
1286 924 1414 965 φέρεται
1429 924 1462 955 δὲ

816 972 943 1010 χρῆσις,
960 971 999 1001 ὡς
1015 982 1066 1001 και
1084 971 1099 1000 6
1110 969 1241 1008 κωμικὸς
1251 968 1396 1006 Φιλήμων
1408 966 1461 998 λέ-

816 1024 877 1051 γει
894 1013 940 1044 ὅτι
956 1012 1044 1044 λίθον
1056 1012 1113 1052 μὲν
1122 1013 1180 1050 την
1191 1012 1320 1049 Νιόβην,
1336 1024 1379 1049 μα
1390 1011 1464 1042 τοὺς

816 1056 913 1091 θεοὺς,
944 1055 1093 1087 οὐδέποτε
1125 1056 1281 1092 ἐπείσθην,
1309 1053 1379 1085 οὐδὲ
1409 1054 1463 1084 νῦν

815 1097 1022 1136 πεισθήσομαι
1031 1100 1070 1130 ὡς
1079 1099 1164 1130 τοῦτ’
1175 1098 1301 1137 ἐγένετο
1310 1098 1360 1129 καὶ
1368 1099 1464 1134 κήδεα

817 1141 945 1177 πέσσει,
963 1142 1036 1173 ἀλλ’
1048 1141 1105 1173 ὑπὸ
1119 1144 1182 1172 τῶν
1198 1144 1300 1172 κακῶν
1315 1143 1378 1172 τῶν
1387 1151 1468 1179 συμ-

815 1184 975 1216 πεσόντων
981 1184 1032 1216 καὶ
1039 1186 1096 1216 τοῦ
1106 1184 1283 1224 συμβάντος
1290 1184 1403 1215 πάθους
1412 1184 1464 1214 οὗ·

815 1227 846 1258 δὲ
853 1229 993 1264 λαλῆσαι
1000 1227 1150 1267 δυναμένη
1158 1228 1230 1267 πρὸς
1240 1226 1357 1262 οὐδένα,
1366 1238 1461 1267 προσ-

814 1270 965 1311 ηγορεύθη
976 1271 1024 1301 διὰ
1031 1271 1069 1301 τὸ
1077 1269 1120 1309 μὴ
1129 1271 1242 1310 φωνεῖν
1250 1270 1346 1301 λίθος.
1383 1269 1462 1300 Haec

815 1314 920 1343 omnia
937 1314 1037 1344 veteri
1063 1313 1248 1344 Scholiastae
1274 1313 1461 1344 suffuratum

815 1367 885 1387 esse
896 1357 1045 1396 optimum
1055 1357 1230 1397 praesulem,
1238 1362 1329 1397 patet
1337 1366 1354 1386 e
1365 1356 1460 1386 Scho-

815 1399 868 1429 liis
884 1399 1017 1429 Venetis
1033 1410 1051 1430 a
1067 1400 1246 1431 Villoisono
1263 1399 1369 1434 editis,‚
1391 1408 1462 1439 quae

816 1442 942 1472 easdem
952 1443 1143 1483 corruptelas
1152 1442 1191 1472 ad
1199 1452 1291 1473 unam
1299 1452 1463 1472 omnesre-

817 1484 932 1521 tinent,
948 1485 1009 1515 nisi
1025 1486 1106 1526 quod
1123 1484 1292 1516 correctius
1309 1485 1372 1524 ἐγὼ
1383 1494 1462 1524 prae-

816 1533 952 1568 ponunt,
975 1529 1155 1569 corruptius
1181 1529 1298 1558 habent
1320 1527 1463 1566 πείθομαι

817 1581 871 1610 pro
899 1570 1115 1610 πεισθήσομαι.
1176 1571 1365 1611 Quanquam
1397 1580 1461 1601 non

815 1613 897 1644 male
911 1615 1043 1645 fortasse
1059 1616 1164 1655 legere
1181 1614 1296 1654 possis,
1321 1612 1391 1645 οὐδὲ
1407 1614 1462 1644 νῦν

816 1667 856 1696 γε
884 1657 1038 1697 πείθομαι,
1074 1667 1147 1688 cum
1179 1656 1321 1695 πείθομαι
1348 1657 1464 1687 habeat

818 1710 942 1740 quoque
957 1701 1054 1731 codex
1066 1701 1299 1731 Townleianus.
1343 1699 1404 1731 Sed
1422 1709 1463 1729 ex

819 1744 932 1773 eodem
955 1744 1064 1775 codice
1090 1743 1260 1797 legendum
1285 1748 1356 1773 est:
1379 1743 1462 1781 Ἐγὼ

819 1785 906 1816 λίθον
920 1785 977 1825 μὲν
991 1787 1050 1824 τὴν
1065 1786 1195 1824 Νιόβην,
1219 1785 1263 1825 μὰ
1277 1785 1350 1817 τοὺς
1366 1785 1463 1820 θεοὺς,

819 1827 969 1861 Οὐδέποτ’
985 1829 1141 1867 ἐπείσθην,
1166 1828 1237 1860 οὐδὲ
1257 1841 1311 1860 νυν
1334 1828 1463 1865 πεισθή-

820 1884 924 1910 σομαι,
951 1873 1005 1904 Ὣς
1033 1873 1119 1903 τουτ’
1151 1871 1269 1912 εγένετ’
1296 1872 1461 1912 ἅνθρωπος·

824 1915 882 1945 ὑπὸ
898 1915 931 1946 δὲ
946 1918 1009 1946 τῶν
1023 1918 1127 1947 κακῶν
1141 1917 1207 1947 Τῶν
1230 1914 1464 1954 συμπεσόντων,

819 1959 875 1989 τοῦ
889 1971 925 1989 τε
941 1958 1119 1998 συμβάντος
1134 1957 1259 1993 πάθους,
1285 1957 1385 1990 Οὐδὲν
1406 1963 1465 1988 λα·

820 2003 917 2038 λῆσαι
930 2001 1079 2040 δυναμένη
1101 2000 1176 2041 πρὸς
1200 2000 1319 2036 οὐδένα,
1344 2006 1464 2041 Προση-

819 2043 962 2084 γορεύθη,
979 2045 1029 2076 διὸ.
1043 2045 1081 2075 τὸ
1096 2045 1138 2084 μὴ
1150 2046 1271 2084 φωνεῖν,
1288 2044 1384 2076 λίθος.

862 2087 902 2118 X.
928 2087 1021 2119 Nunc
1052 2088 1092 2118 ad
1117 2087 1305 2118 Athenaeum
1333 2086 1463 2127 paullis-

819 2139 875 2168 per
886 2140 944 2160 nos
959 2137 1186 2160 convertimus.
1223 2130 1256 2160 Is
1271 2131 1356 2160 enim
1367 2129 1464 2160 etiam

818 2178 891 2211 post
921 2173 1100 2203 Casauboni
1123 2183 1214 2203 curas
1242 2183 1306 2203 non
1338 2172 1466 2203 omnino

819 2216 944 2245 mendis
961 2221 1061 2246 vacat.
1088 2216 1150 2246 Sed
1166 2217 1224 2246 hoc
1240 2226 1320 2256 opus
1335 2226 1399 2246 non
1415 2221 1465 2246 est

819 2257 910 2299 hujus
925 2258 998 2289 loci.
1042 2258 1081 2288 In
1098 2258 1246 2288 Athenaei
1267 2259 1364 2298 igitur
1385 2258 1464 2288 libro

821 2301 961 2330 secundo
988 2311 1020 2340 p.
1047 2304 1098 2332 58.
1125 2301 1163 2331 Β.
1187 2301 1320 2340 χηνείων
1344 2302 1370 2332 δ’
1397 2300 1463 2332 anim

816 2341 954 2382 ἼΞριφος·
966 2343 1059 2374 -ὢὰ
1073 2342 1172 2374 λευκοί
1185 2355 1234 2382 γε,
1252 2344 1311 2374 Καὶ
1327 2343 1463 2384 μεγάλα·

820 2385 921 2424 χήνει’
938 2386 1034 2421 ἐστὶν,
1053 2386 1091 2417 ὥς
1107 2385 1148 2425 γέ
1160 2398 1210 2425 μοι
1222 2388 1317 2417 δοκεῖ.
1365 2384 1465 2418 Οῧτος

821 2428 855 2458 δέ
870 2434 949 2468 φησι
964 2430 1065 2460 ταῦτα
1079 2433 1138 2466 τὴν
1151 2428 1254 2466 Λήδαν
1265 2431 1377 2460 τεκεῖν.
1403 2429 1461 2460 Ul·

818 2471 914 2500 timus
931 2482 1039 2501 versus
1054 2472 1087 2501 in
1100 2471 1262 2511 impressis
1286 2483 1342 2512 pro
1358 2471 1461 2502 Athe-

824 2514 1001 2544 naei-verbis
1016 2515 1144 2554 legitur.
1189 2514 1278 2544 Idem
1290 2514 1464 2544 Athenaeus

824 2566 852 2584 x.
868 2566 898 2595 p.
913 2560 985 2587 419.
1003 2557 1039 2587 C.
1058 2557 1182 2596 ’Ἄλεξις
1207 2558 1239 2587 ἐν
1262 2555 1462 2596 Συντρόφοις·

823 2597 875 2629 Ὠς
891 2599 947 2636 ἡδὺ
958 2600 1019 2630 πᾶν
1033 2599 1072 2630 τὺ
1087 2599 1223 2639 με’τριον·
1247 2600 1307 2631 οὔθ’
1332 2599 1460 2639 ὑπεργέ-

821 2652 885 2679 μων
902 2641 1092 2683 Ἀπέρχομαι
1108 2644 1172 2680 νῦν,
1186 2642 1257 2674 οὔτε
1274 2642 1372 2678 κενὸς,
1387 2642 1463 2673 ἀλλ’
