1606 2803
627 81 903 113 PRAEFATIO.
1376 75 1439 117 vii

109 196 314 225 numeros
364 183 518 236 implet
569 183 721 225 Suidae
777 183 865 223 MS.
916 184 959 224 in
991 181 1185 235 Collegii
1226 181 1437 236 Corporis

111 241 276 282 Christi
313 240 596 282 Bibliotheca
620 240 736 295 apud
766 240 1043 281 Oxonienses
1065 243 1280 288 servatus,
1301 240 1435 280 modo

109 299 218 340 levis
239 304 283 339 et
317 298 513 339 solennis
540 312 657 339 error
690 299 948 352 corrigatur,
980 297 1164 350 legendo
1187 293 1330 336 Οὔποτε
1356 310 1435 350 pro

112 354 220 396 Οὔπω.

228 410 372 453 Οὔποτε
391 411 525 467 γένοιτ’
546 410 591 452 ἂν
612 410 713 460 οὗτος
727 414 870 468 εὐγενὴς
889 411 992 466 α’νήρ.
1022 410 1106 465 (F)

169 470 276 511 OEd.
290 471 396 524 Tyr.
410 471 510 512 248.
535 471 710 523 Dignus
727 472 804 524 qui
819 471 1095 511 exscribatur
1107 469 1270 521 integer
1284 468 1435 510 locus:

227 526 480 582 Κατ-εὔχομαι
503 529 538 567 δὲ
559 529 618 568 τὸν
639 527 842 582 δεδρακότ’,
866 525 937 566 εἴτε
958 544 1013 575 τις

228 584 294 632 Εἷς
314 582 362 625 cliv
384 584 545 636 λέληθεν,
568 584 640 625 εἴτε
657 583 830 625 πλειόνίυν
850 583 965 637 μέτα,

229 643 358 683 Κακόν
380 647 504 691 κακῶς
523 658 572 683 νιν
588 641 741 697 ἄμοιρον
755 641 931 698 ἐκτρῖψαι
949 640 1041 693 βίον.

114 701 224 743 Cum
258 714 499 753 pronomen
533 701 592 741 sit
622 714 707 741 non
740 701 917 741 omnino
939 698 1248 747 necessarium,
1268 709 1437 751 expum-

113 758 301 809 gendum
332 758 466 799 facile
507 758 607 812 quis
659 758 888 811 conjiciat,
931 762 976 797 et
1011 756 1202 809 conjecit
1235 754 1437 796 Joannes

114 816 355 856 Burtonus.
399 815 566 856 Verum
584 829 636 856 ne
658 815 760 856 illos
783 815 935 855 videar
953 814 1130 861 imitari,
1153 812 1229 865 qui
1250 825 1436 865 scrupu-

113 872 200 913 lum
252 873 461 926 injectum
513 886 780 926 quocunque
829 872 960 912 modo
1010 871 1200 910 eximere
1241 869 1436 922 cupiunt,

114 929 324 970 fateorvm
352 930 420 970 hic
455 934 544 970 tam
578 931 799 982 eleganter
832 928 951 977 addi,
985 933 1030 968 ut
1063 925 1268 980 quamvis
1302 926 1438 967 aliam
1477 970 1483 977 ι

114 987 376 1027 medic-inam
408 986 612 1027 adhibere
644 987 809 1033 malim,
842 999 974 1040 quam
1006 985 1118 1024 illud
1142 988 1438 1036 expungatur.

115 1043 172 1084 Et
213 1044 459 1084 detenditur
485 1045 711 1083 simillimo
735 1045 835 1083 loco
857 1042 1061 1082 Trachin.
1078 1041 1179 1081 237.
1240 1037 1443 1079 AT’TOW

114 1101 146 1139 δ’
165 1102 307 1149 ἐκεῖνον,
329 1098 402 1139 εὖτ’
417 1098 462 1139 civ
478 1099 578 1152 οἶγνοὶ
592 1099 739 1151 θύματα
756 1098 863 1153 ιΡέξῃ
880 1096 1038 1152 πατρῴῳ
1057 1099 1142 1145 Ζηνὶ
1158 1100 1220 1144 τῆς
1241 1095 1436 1145 ἁλώσεως,

118 1159 245 1213 Φρόνει
278 1162 378 1197 ΝΙΝ
406 1159 452 1205 ὡς
483 1158 628 1206 ἥξοντα.
690 1156 776 1196 Sed
812 1156 901 1196 levi
923 1167 1058 1208 opera
1078 1167 1150 1194 res
1172 1154 1438 1206 peragenda,

115 1220 156 1256 et
176 1215 308 1255 unius
328 1215 515 1255 literulae
545 1214 721 1268 jactura
744 1212 1037 1265 reponendum
1057 1211 1208 1265 ἅμορον,
1226 1224 1325 1263 quae
1350 1224 1438 1251 vox

115 1272 306 1313 occurrit
335 1271 535 1325 Euripid.
575 1271 695 1311 Med.
717 1270 845 1311 1395.
877 1268 964 1322 [xi]
996 1268 1161 1323 ἄμμορος
1189 1268 1324 1308 habet
1355 1267 1436 1308 So—

117 1329 301 1382 phocles
317 1329 510 1370 Philoct.
530 1328 629 1370 182.
651 1332 695 1368 et
715 1327 894 1369 tandem
914 1325 1151 1379 Euripides
1175 1324 1289 1365 Hec.
1310 1325 1411 1366 421.

176 1386 227 1427 In
250 1386 500 1427 Philoctete
523 1391 601 1426 aut
613 1389 781 1426 mutato
803 1385 984 1425 duarum
1003 1383 1263 1424 vocularum
1284 1382 1437 1423 ordine

117 1444 230 1497 lege,
251 1442 309 1498 ἆρ’
332 1446 384 1489 οὐ,
407 1448 484 1485 aut
503 1444 601 1484 dele
623 1443 888 1496 particulam
911 1444 1157 1493 negantem.
1201 1438 1290 1479 Sed
1312 1439 1437 1487 illud,

119 1502 293 1554 opinor,
316 1501 483 1551 verius3
517 1513 770 1555 quanquam
805 1499 850 1539 in
882 1498 1007 1539 hisce
1040 1495 1333 1548 interrogandi
1351 1496 1439 1536 for-

118 1558 251 1600 mulis
284 1564 519 1611 negantem
555 1558 813 1611 particulam
847 1569 927 1609 pro
961 1554 1139 1596 arbitrio
1165 1553 1235 1594 vel
1272 1553 1438 1594 addunt

119 1616 191 1656 vel
212 1617 418 1657 omittunt
439 1616 630 1668 Tragici.
679 1614 784 1655 OEd.
807 1614 859 1654 T.
882 1612 979 1654 8³22.
1005 1610 1066 1667 ἆρ’
1088 1609 1170 1665 ἔφυν
1190 1607 1325 1662 κακός;
1348 1607 1436 1665 ³Ag’

121 1672 207 1727 οὐχὶ
228 1676 300 1720 πᾶς
319 1670 501 1728 ἅναγνος;

177 1731 230 1771 In
249 1731 491 1783 fragmento
511 1727 619 1782 νόμον
640 1729 718 1784 ἔχει
741 1729 889 1783 quivis
910 1727 1138 1780 legendum
1159 1725 1329 1766 viderit.

178 1787 231 1828 In
263 1788 411 1829 choris
428 1793 473 1828 et
506 1788 680 1828 melicis
714 1786 1042 1841 systematibus,
1077 1796 1177 1837 quae
1205 1782 1370 1823 librarii
1391 1787 1437 1823 et

121 1845 312 1887 editores
346 1858 425 1899 pro
466 1846 649 1885 arbitrio
685 1845 966 1891 distribuunt,
997 1842 1107 1882 duas
1141 1853 1236 1880 sum
1258 1840 1439 1892 potissi-

121 1916 238 1943 mum
267 1903 443 1955 regulas
475 1906 665 1943 secutus.
728 1901 880 1942 Primo
912 1899 1082 1948 curavi,
1132 1902 1182 1937 ut
1225 1896 1436 1949 quodque

121 1972 290 2000 carmen
311 1960 365 2000 ad
395 1963 499 2000 nota
519 1964 563 1999 et
582 1959 733 2013 lyricis
753 1957 902 2011 poetis
923 1958 1100 1999 usitata,
1134 1955 1171 1994 si
1190 1953 1322 1994 facile
1344 1953 1438 1993 fieri

121 2020 287 2070 posset,
304 2030 507 2058 versuum
533 2029 691 2069 genera
703 2015 991 2067 redigeretur3
1022 2012 1196 2059 deinde,
1217 2014 1262 2050 ut
1283 2009 1438 2050 eadem

122 2079 198 2115 aut
229 2074 385 2121 similis
416 2086 623 2114 versuum
654 2073 826 2125 species
863 2084 997 2124 quam
1028 2069 1277 2121 saepissime
1295 2080 1440 2108 recur-

122 2136 247 2171 reret.
311 2130 459 2183 Hujus
481 2130 710 2170 divisionis
728 2128 978 2181 exemplum
998 2126 1098 2167 vide
1124 2126 1168 2164 in
1188 2125 1270 2164 hac
1287 2122 1439 2164 fabula

121 2187 220 2229 9:31..
240 2188 340 2228 932.
361 2188 461 2229 935.
520 2187 629 2240 Ejus
656 2186 826 2238 generis
862 2196 1017 2225 versus
1047 2182 1197 2236 plures
1231 2181 1276 2221 in
1297 2180 1438 2234 primo

121 2244 277 2298 Ajacis
298 2244 534 2298 Sophoclei
556 2243 692 2284 choro
713 2242 1003 2295 reperiuntur.
1064 2238 1321 2292 Optandum
1343 2237 1439 2290 qui-

123 2301 221 2341 dem
259 2305 367 2350 erat,
398 2307 445 2342 ut
474 2300 679 2353 Strophae
713 2298 1004 2351 Antistrophe
1035 2297 1196 2348 ubique
1228 2297 1438 2335 accurate

120 2358 420 2411 responderet.
480 2357 567 2398 Sed
585 2369 684 2397 cum
705 2356 871 2396 librarii
891 2356 934 2395 in
954 2353 1174 2394 facillimis
1195 2354 1436 2391 metrorum

121 2416 348 2468 generibus
381 2415 510 2455 toties
550 2419 593 2455 et
626 2418 718 2454 tam
759 2413 946 2465 turpiter
981 2409 1221 2463 peccarint,
1250 2406 1355 2461 quid
1391 2407 1438 2447 in

120 2472 270 2524 paullo
300 2471 663 2513 reconditioribus
693 2469 851 2510 fecisse
886 2468 1155 2522 putabimus,
1188 2464 1437 2518 praesertim

120 2529 198 2570 ubi
228 2528 284 2571 ad
322 2529 450 2570 metri
479 2527 785 2570 difficultatem
815 2526 917 2580 styli
946 2523 1187 2566 obscuritas
1223 2519 1435 2562 accedat?
