1566 2789
120 6 218 81 98¹

166 163 204 193 T.
230 163 271 192 vi.
299 173 329 203 p.
362 165 436 194 374.
482 163 543 194 Sed
571 163 620 194 ἐπὶ
646 164 771 200 πολλῆς

168 207 293 245 σχολῆς
317 206 403 237 idem
426 206 464 237 T.
486 207 528 237 vi.
550 218 622 248 pag.
642 211 695 239 39.
728 208 770 238 G.

126 291 240 329 οὐκέτι,
258 293 315 324 οὐκ
331 292 377 324 ἔτι
391 296 466 325 415.
481 296 555 325 419.
569 296 663 326 1034.
676 296 772 326 1072.

171 339 265 367 1216.
281 338 364 367 1308

126 378 191 411 οὖν.
207 380 238 419 ’γ’
256 379 294 410 ἂν
308 378 360 410 οὖν
374 383 450 411 504.
464 383 538 412 588.
552 380 613 421 ’γὰρ
628 379 683 411 οὖν
699 382 774 412 585.

173 421 226 454 οὖν
242 428 275 453 et
291 421 329 454 αὖ
345 423 475 454 confusa
491 426 565 454 307.
582 427 645 456 340

128 467 212 498 οὔπω
226 476 289 496 non
306 471 355 497 est
369 467 506 497 vetantis
524 470 605 499 1393

128 511 213 545 οὔτε,
227 508 308 545 οὐδὲ,
324 512 388 541 442

128 553 195 584 οὔτι
211 558 244 583 et
259 553 345 583 οὔτοι
361 553 491 584 confusa
506 557 569 585 923

127 597 213 627 οὔτοι
230 601 262 627 et
276 596 344 627 οὔτι
358 597 483 627 confusa
499 600 562 628 923

128 637 226 671 οὗτος.
249 639 339 671 ταυτὶ
363 650 401 669 an
423 641 573 680 tragicum
592 643 665 672 157.
682 638 772 671 οὗτος

173 689 204 713 et
220 682 312 714 αὐτὸς
328 683 456 713 confusa
471 686 534 714 918

129 725 200 766 οὐχὶ
216 731 248 756 et
262 725 331 758 οὐδὲ
346 726 478 757 confusa
491 729 554 758 259

435 859 474 885 Π.

132 938 349 979 παιδολέτειρα
368 941 428 970 845

133 983 205 1013 παῖς
219 987 252 1012 et
267 981 389 1023 σπέρμα
401 981 529 1012 confusa
545 984 607 1013 812

132 1024 331 1065 παλαίτερος,
347 1025 541 1056 :oranaim-ros
555 1028 595 1056 67

133 1070 293 1106 πανταχῆ,
310 1069 474 1107 πανταχοῦ
486 1070 548 1100 363

133 1110 255 1142 πάντως
284 1112 476 1152 duplicatum
505 1114 580 1142 850.
604 1109 724 1141 πάντως
747 1115 779 1139 et

178 1153 291 1186 πάντες
305 1155 436 1185 confusa
450 1157 513 1185 849

135 1197 217 1238 παρὰ
232 1202 265 1228 et
278 1198 352 1238 πρὸς
367 1198 495 1228 confusa
511 1200 573 1228 139

135 1240 332 1281 παραδιδόναι
348 1242 424 1272 ἐν-
438 1243 502 1271 629

136 1285 293 1323 παραινεῖν
324 1295 397 1315 cum
426 1283 604 1314 accusativo
639 1292 779 1323 persona?

136 1369 353 1410 παραιτεῖσθαί
366 1381 448 1401 τινος
465 1372 543 1401 1151

136 1413 355 1452 παραμπέχειν
366 1416 428 1444 284

136 1456 371 1496 παραμπίσχειν
384 1459 446 1487 284

137 1499 376 1539 παρατείνεσθαι
392 1503 452 1531 585

136 1543 274 1582 παριδεῖν
285 1545 348 1573 284

136 1584 291 1626 παρουσία
306 1588 367 1617 139

137 1629 210 1659 πᾶς.
225 1627 339 1660 πάντες
351 1634 383 1659 et
394 1626 515 1659 πάντως
530 1627 661 1658 confusa
675 1630 738 1659 849

139 1670 267 1712 πάτριος
282 1677 314 1702 et
329 1673 469 1711 πατρῷος
484 1672 615 1701 confusa
630 1673 692 1701 431

136 1716 289 1755 πατρῷος.
334 1715 384 1745 De
400 1714 574 1754 quantitate
591 1713 700 1743 mediae
717 1714 782 1753 syl-

182 1758 261 1788 labae
277 1759 309 1788 h.
322 1769 352 1789 V.
366 1760 441 1788 431.
457 1756 529 1788 Ζεὺς
537 1758 677 1797 πατρῷος
690 1759 782 1788 1314.

180 1802 322 1841 πατρῷος
336 1805 367 1831 et
382 1799 508 1841 πάτριος
522 1800 651 1830 confusa
665 1802 726 1831 431

136 1843 245 1874 παύειν
261 1847 344 1876 1044

136 1886 230 1918 πέδον
245 1893 279 1917 et
293 1887 388 1918 σπέος
402 1887 486 1918 conf.
505 1889 587 1918 1356

138 1929 270 1966 πέπλος,
285 1929 401 1961 πέπλοι
415 1933 479 1961 979

138 1973 296 2014 πέπρωται
311 1978 343 2004 et
354 1972 528 2014 πέπρακται
541 1972 673 2003 confusa
688 1975 783 2003 1060.

186 2016 297 2056 [Conf.
326 2021 394 2047 not.
426 2016 465 2047 ad
493 2016 598 2046 Orest.
616 2018 710 2046 1311.
738 2016 780 2046 G.

184 2059 232 2089 H.
250 2059 305 2100 S.]

136 2100 216 2140 περί.
259 2102 385 2142 Tragici
404 2111 563 2142 nunquam
578 2100 610 2130 in
625 2101 776 2137 senarios,

178 2144 354 2175 trochaicos
370 2149 424 2175 aut
433 2148 608 2185 anapaestos
619 2144 776 2184 legitimos

177 2187 246 2227 περὶ
262 2187 433 2218 admittunt
447 2194 519 2217 ante
536 2187 684 2221 vocalem,
709 2187 774 2217 sive

178 2230 213 2260 in
228 2231 349 2265 eadem,
363 2231 426 2261 sive
439 2230 471 2259 in
485 2229 615 2260 diversis
629 2229 771 2260 vocibus:

178 2273 274 2303 immo
290 2284 328 2303 ne
342 2274 371 2303 in
384 2274 496 2304 melica
506 2274 635 2314 quidem
645 2273 775 2303 verbum

178 2317 230 2346 vel
252 2316 476 2347 substantivum
499 2316 677 2357 hujusmodi
691 2327 775 2346 com-

177 2359 344 2399 positionis
356 2360 471 2389 intrare
490 2359 614 2395 sinunt3
636 2369 704 2389 raro
721 2358 775 2388 ad-

177 2402 303 2432 modum
329 2402 515 2443 adjectivum
532 2402 580 2431 vei
597 2401 774 2431 adverbium

177 2447 252 2476 28-1.
298 2445 332 2475 Si
353 2445 477 2484 Tragici
501 2454 608 2474 vocem
632 2454 741 2484 puram
757 2454 775 2474 a

174 2487 243 2529 περὶ
273 2488 477 2528 compositam
506 2492 668 2527 usurpant,
702 2487 775 2517 huic

176 2531 254 2561 vitio
270 2541 327 2572 per
340 2531 455 2560 tmesin
470 2530 635 2560 medentur
650 2532 713 2561 284

131 2573 290 2613 περιάγειν
304 2583 344 2604 an
358 2573 498 2614 Tragicis
511 2577 696 2614 usurpatum
708 2575 771 2605 284

131 2617 284 2659 περίαλλα
298 2618 362 2649 284

568 52 739 84 INDEX
777 51 1014 84 GRAECUS.

812 162 1052 203 περιαμπίσχειν
1067 166 1130 195 284

812 205 1015 246 περιβάλλειν
1042 217 1060 237 a
1087 208 1228 249 Tragicis
1255 220 1312 251 per
1342 212 1457 242 tmesin

857 256 1037 290 separatum
1049 253 1111 282 284

812 293 971 333 περιέχειν
995 304 1012 323 a
1036 294 1178 335 Tragicis
1201 306 1258 336 per
1279 296 1392 327 tmesin
1408 307 1457 327 se-

856 342 999 377 paratum
1015 340 1077 368 284

813 380 961 420 περιϊδεῖν
974 390 1014 410 an
1027 380 1168 421 Tragicis
1183 388 1367 423 usurpatum
1382 386 1445 414 284

814 422 1014 463 περιϊστάναι.
1037 423 1245 463 περιέστησεν
1267 436 1306 456 au
1320 425 1460 466 Tragicis

858 472 1038 507 usurpatum
1051 469 1114 498 284

813 509 980 549 περιόργως
995 512 1059 541 284

811 552 1046 592 περιπτύσσειν.
1092 553 1142 584 De
1169 554 1400 586 constructione
1425 555 1458 585 h.

857 606 886 624 v.
900 599 984 627 1202

816 638 998 679 περιώδυνος
1013 642 1075 670 284

819 682 979 722 περιώσιος
993 685 1056 713 284

821 725 966 763 πέταμαι,
977 725 1120 764 πέτομαι,
1133 726 1236 756 Attici
1251 726 1281 756 in
1297 728 1443 767 praesenti
1458 739 1463 763 ς

866 768 1016 806 ἐπτάμην,
1033 768 1181 808 ἐπτόμην,
1198 770 1228 799 in
1245 770 1358 801 aoristo
1373 771 1463 801 adhi-

863 812 939 842 bent
956 815 971 842 1

819 854 987 894 πεφάσθαι.
1013 855 1064 885 De
1081 860 1213 886 accentu
1229 857 1260 886 h.
1270 856 1384 887 infinit.
1402 861 1418 888 l

819 899 862 935 πῆ
880 901 963 929 1268

819 941 925 981 πικρὸς
941 946 972 972 et
987 941 1103 983 λυπρὸς
1118 941 1249 972 confusa
1263 945 1325 973 598

819 983 1013 1024 πιπράσκειν.
1035 985 1198 1025 πέπραται·
1227 985 1266 1015 de
1290 986 1464 1026 quantitate

864 1029 897 1058 h.
914 1039 942 1059 v.
961 1031 1023 1059 139

819 1070 945 1101 πίπτειν
957 1076 989 1101 et
1003 1072 1122 1102 πιτνεῖν
1133 1072 1264 1102 confusa
1280 1074 1333 1103 54.
1351 1076 1414 1104 859

819 1113 924 1145 πίστις
938 1114 1050 1145 eximie
1075 1119 1083 1132 ‘
1094 1125 1241 1145 manuum
1262 1115 1445 1157 conjunctio
1458 1115 1464 1127 ¹

820 1200 930 1231 πιστὸς
946 1205 978 1230 et
994 1200 1107 1239 σεμνὸς
1122 1202 1255 1232 confusa
1269 1205 1329 1232 511

821 1242 946 1279 πίτνειν,
970 1245 1090 1275 πιτνεΐν
1105 1247 1157 1275 54.
1172 1248 1245 1275 859.
1269 1246 1389 1276 πιτνεῖν
1402 1246 1464 1276 for-

865 1297 914 1316 ma
946 1287 1047 1327 poetis
1082 1287 1244 1318 familiaris
1280 1288 1463 1329 vulgarique

864 1330 990 1360 πίπτειν
1013 1340 1097 1370 saepe
1121 1340 1178 1370 per
1202 1330 1398 1361 librariorum
1414 1341 1465 1361 so-

866 1372 1002 1403 cordiam
1018 1374 1130 1403 cedere
1145 1378 1258 1404 coacta
1272 1377 1364 1405 1202.
1381 1377 1464 1406 1283

821 1415 956 1452 πλησίος
970 1421 1002 1445 et
1016 1415 1166 1446 πλούσιος
1180 1416 1264 1446 conf.
1280 1420 1342 1448 965

822 1457 981 1497 πλόκαμος
993 1464 1024 1489 et
1035 1457 1155 1490 πλόκος
1169 1459 1299 1489 confusa
1314 1461 1377 1491 782

822 1501 941 1533 πλόκος
974 1507 1006 1531 et
1042 1500 1203 1540 πλόκαμος
1232 1503 1361 1532 confusa
1390 1505 1465 1534 782.

864 1543 982 1576 πλόκος
998 1549 1029 1575 et
1044 1544 1161 1584 στέφος
1175 1545 1304 1575 confusa
1319 1548 1463 1577 782.945

822 1587 974 1619 πλούσιος
987 1592 1019 1617 et
1034 1587 1168 1625 πλησίος
1181 1588 1263 1618 conf.
1279 1590 1340 1620 965

821 1631 959 1662 πλοῦτος
973 1631 1092 1670 χρυσοῦ
1107 1634 1170 1662 542

822 1675 930 1711 πλύμα
945 1675 983 1704 de
1001 1673 1162 1704 meretrice
1180 1676 1242 1705 139

822 1716 1002 1750 πλύνεσθαι.
1018 1716 1056 1746 de
1072 1727 1103 1747 re
1120 1716 1174 1746 vili
1190 1719 1251 1748 139

821 1759 915 1790 πόθεν
930 1766 962 1790 et
977 1761 1039 1791 πῶς
1055 1759 1184 1791 confusa
1195 1762 1259 1791 852

822 1805 878 1834 ποῖ
889 1805 973 1834 1268

822 1845 921 1877 πόλις.
946 1845 1067 1877 πόλεως
1090 1844 1211 1876 iambus
1226 1848 1301 1876 906.
1325 1845 1417 1878 πόλις
1432 1853 1464 1878 et

864 1888 946 1919 πολὺ
960 1890 1044 1920 conf.
1054 1891 1118 1920 330

822 1931 965 1969 πολίτης.
983 1931 1127 1963 πολίταις
1141 1935 1173 1962 et
1183 1933 1321 1962 πολιτῶν
1335 1933 1464 1963 confusa

815 2016 1044 2049 πολύκλαυτος.
1073 2016 1125 2047 De
1141 2017 1293 2047 feminino
1309 2018 1339 2046 h.
1352 2028 1380 2047 v.
1396 2021 1460 2050 822

815 2060 923 2091 πολὺς.
941 2060 1023 2091 πολὺ
1039 2065 1072 2090 et
1088 2059 1179 2092 πόλις
1195 2060 1324 2090 confusa
1341 2062 1404 2091 330

819 2102 1015 2135 πολύστονος
1030 2106 1093 2134 207

818 2146 1042 2185 πολυτίμητος.
1068 2146 1120 2176 De
1135 2144 1287 2176 feminino
1302 2145 1333 2174 h.
1350 2156 1380 2175 v.
1396 2148 1460 2178 822

817 2188 919 2225 πόσις,
944 2194 952 2207 ‘
964 2188 1114 2219 maritus.’
1159 2187 1208 2217 De
1225 2187 1364 2228 genitivo
1381 2189 1412 2219 h.
1428 2200 1459 2219 v.

817 2273 966 2313 ποταμός.
982 2273 1043 2305 ἅνω
1057 2275 1215 2313 ποταμῶν,
1231 2278 1293 2303 etc.
1308 2276 1369 2305 411

817 2319 971 2349 ποτᾶσθαι
986 2320 1049 2348 664

818 2360 907 2391 ποτέ.
954 2360 1007 2390 De
1031 2364 1164 2389 accentu
1186 2359 1219 2388 h.
1238 2369 1268 2389 v.
1290 2368 1461 2399 praegresso

862 2407 1058 2444 paroxytono
1074 2404 1148 2433 827.
1162 2411 1331 2442 praegresso
1346 2411 1459 2442 propa-

861 2452 1010 2487 roxytono
1024 2448 1099 2476 799.
1124 2453 1298 2485 praegresso
1318 2444 1459 2484 perispo-

860 2498 954 2518 meno
971 2492 1000 2518 3.
1019 2490 1091 2518 300.
1117 2496 1288 2527 praegresso
1319 2487 1459 2526 properi·-

858 2541 1009 2571 spomeno
1034 2533 1107 2561 300.
1129 2528 1206 2560 ποτὲ
1232 2534 1264 2559 et
1291 2527 1352 2560 τινὶ
1374 2530 1458 2560 conf.

856 2577 920 2605 726

815 2616 976 2657 πράσσειν.
991 2615 1164 2657 πέπρακται
1174 2619 1207 2647 et
1214 2613 1371 2656 πέπρωται
1381 2623 1456 2645 con-
