1565 2834
185 208 267 272 φεῦ
293 207 390 273 φεῦ·
421 208 594 259 θανάτου
620 205 1001 273 καταλυσαῖμαν,

240 282 422 375 βιοτὰν
450 283 674 354 στυγεξοὶν
701 282 999 354 προλιποῦσα.

110 359 195 409 Χο.
225 355 336 416 οἵὶες,
365 353 397 407 ὠ
425 359 524 417 Ζεῦ,
551 381 629 408 mu
660 362 740 421 γοῖ,
767 356 846 407 καὶ
870 357 968 420 φῶς,

222 431 380 501 ἰαχὰν,
408 430 503 482 οἷαν
532 434 564 482 οἱ
593 431 804 488 δύστανος

328 504 496 574 ‘mmm
528 504 714 575 νύμφας
768 523 769 527 ’
831 517 847 524 ”

257 579 304 629 τί
328 603 394 631 τοι
421 602 525 631 ποτε
556 585 639 638 τοῖς
668 581 914 631 ἀπλάστου

1216 353 1382 422 στξοφῇ
1391 394 1400 402 .

1360 516 1440 552 150

256 653 412 712 κοίτας
441 651 542 725 ἔξος,
570 652 603 704 ὠ
627 654 831 721 ματαία,
1059 718 1062 721 ¹

257 727 437 780 σπεύσει
467 729 659 780 θανάτου
687 729 935 789 τελευτάνς
1071 758 1073 762 ⁴
1168 744 1179 753 ⁵
1199 736 1211 753 ‘³

328 801 465 870 μηδὲν
492 801 590 853 τόδε
620 802 796 854 λίσσου.

330 879 365 927 εἰ
394 876 437 929 δὲ
467 874 541 935 σος
572 876 697 935 πόα-ις

1359 887 1439 923 155

327 951 465 1002 καινοὶ
494 949 614 1020 λέχη
642 950 833 1020 σεβίζω,

256 1024 375 1091 κείνῳ
402 1024 500 1076 τόδε
527 1025 592 1094 μὴ
621 1026 882 1096 χοεξάο-σου·

330 1097 439 1158 Ζεύς
468 1122 534 1151 σοι
563 1098 661 1150 τάδε
690 1097 961 1155 συκόικάσει·
996 1125 1003 1139 ³

326 1201 338 1253 K
403 1173 467 1242 μὴ
497 1173 601 1225 >doen
629 1174 784 1234 τάκου,

103 1370 223 1392 errores
251 1365 306 1391 aut
326 1360 396 1402 ipse
421 1371 477 1402 per
492 1367 523 1391 te
543 1360 609 1402 jam
625 1369 746 1390 correx-

102 1405 167 1440 isti,
184 1408 238 1434 aut
253 1404 455 1445 corrigendos
470 1404 611 1434 monebis
633 1404 666 1433 in
688 1413 746 1433 no-

102 1448 155 1487 tis,
174 1457 252 1488 quas
267 1453 303 1477 ut
316 1447 403 1477 brevi
422 1452 567 1488 pestexas
589 1452 621 1477 et
642 1446 747 1487 publi-

104 1500 169 1526 ces,
192 1500 301 1521 omnes
327 1490 413 1521 docti
435 1500 559 1521 mecum
584 1494 746 1530 exoptant.

103 1534 184 1569 Quae
199 1543 259 1574 ego
274 1532 361 1569 dedi,
385 1533 564 1574 speciminis
578 1533 647 1563 loco
663 1533 746 1563 suffi-

100 1576 205 1607 ciant·
197 1600 206 1615 ‚
222 1577 389 1607 lectoribus
401 1582 485 1607 certe
501 1577 578 1607 meis
593 1576 748 1616 placitura

102 1629 206 1660 spero.
245 1619 328 1650 Cum
343 1619 424 1650 enim
437 1619 550 1660 judicii
566 1629 699 1649 acumen
714 1624 748 1649 et

102 1662 224 1704 ingenii
239 1661 423 1693 felicitatem
439 1662 620 1693 invitissimi
634 1661 668 1691 in
685 1662 746 1692 alio

103 1715 321 1746 agnoscamus,
336 1705 464 1746 hujusce
480 1706 594 1736 laboris
607 1705 745 1740 laudem,

103 1758 173 1789 quae
208 1749 311 1779 solum
339 1748 496 1779 industria
524 1754 557 1779 et
580 1748 745 1788 patientia,

102 1796 159 1822 aut
194 1801 350 1822 summum
387 1791 568 1822 memoriola.
610 1792 747 1830 quadam

102 1839 236 1870 constat,
265 1834 358 1866 facile
386 1834 465 1865 mihi
494 1843 678 1865 concessum
708 1834 747 1864 iri

101 1887 245 1918 auguror.

146 1924 220 1952 148.
244 1920 457 1962 Apollodorus
479 1920 641 1951 Tarsensis
661 1920 745 1960 apud

101 1963 299 1994 Scholiasten
338 1965 420 1994 hunc
458 1974 582 1994 versum
618 1963 746 1993 Medeae

98 2006 279 2044 tribuebat3
303 2007 385 2037 unde
401 2017 471 2037 eum
498 2007 602 2037 statim
629 2006 745 2046 legisse

100 2050 193 2090 ἰαχὰν
223 2049 301 2086 ἄϊον,
337 2050 397 2081 τὰν
433 2049 597 2085 δύστανος,
625 2050 746 2090 colligit

100 2092 369 2135 Wyttenbachius
392 2092 477 2123 Bibl.
501 2093 581 2124 Crit.
599 2093 685 2123 Part.
708 2094 744 2123 V.

98 2145 131 2176 p.
162 2139 215 2168 48.
246 2137 412 2167 conferens
440 2146 537 2176 supra
562 2138 635 2168 131.
666 2135 746 2166 infra

146 2225 218 2254 151.
233 2222 339 2254 τίςσοι
352 2220 540 2262 vuigoni-{ex
549 2219 590 2250 A.
600 2221 745 2251 Brunck-

101 2265 163 2302 ius,
186 2270 218 2295 et
248 2266 291 2295 sic
313 2265 390 2295 citat
420 2264 620 2299 Scholiastes,
646 2275 745 2304 quan—

101 2318 196 2348 quam
208 2307 256 2339 τὶς
268 2308 414 2347 explicat.
438 2307 515 2337 Mox
527 2305 691 2338 ἀπλάστου
703 2308 744 2337 A.

102 2351 140 2381 L.
156 2350 323 2388 ἀπλήστου
338 2350 414 2380 Ald.

149 2397 221 2425 152.
244 2394 295 2425 Sic
323 2393 400 2424 Ald.
433 2391 505 2433 ἔρως
534 2392 625 2423 Lasc.
659 2394 743 2434 quod

102 2435 203 2467 edidit
218 2436 408 2467 Brunckius.

146 2483 218 2512 156.
241 2478 360 2518 σεβίζει
375 2477 460 2517 λέχη
476 2477 512 2507 L.

146 2526 219 2555 157.
243 2521 332 2561 κείνῳ
347 2520 419 2552 τόδε
435 2520 478 2559 μὴ
492 2519 656 2560 χαράσσου
670 2521 743 2552 edd.

106 2565 188 2596 Mss.
203 2570 235 2595 et
246 2564 391 2595 Eustath.
408 2563 448 2593 ad
460 2563 499 2606 ΙΙ.
511 2567 544 2592 Ζ.
560 2574 591 2603 p.
604 2567 678 2595 633.
691 2567 744 2595 43.

104 2617 146 2641 Σ
164 2611 237 2639 490.
265 2612 318 2640 21.
378 2606 498 2637 Panim
525 2610 651 2648 propter
681 2617 743 2637 me-

788 1363 881 1395 trum,
897 1361 1014 1399 partim
1036 1358 1111 1400 quia
1137 1361 1187 1388 vix
1214 1367 1339 1400 aequum
1355 1365 1435 1397 erat„

789 1413 807 1433 a
824 1402 953 1439 Medea,
975 1407 1012 1432 ut
1024 1412 1065 1432 ne
1090 1401 1218 1432 omnino
1232 1402 1435 1439 irasceretur,

789 1446 927 1487 exigere,
943 1446 1021 1485 legit
1038 1445 1250 1485 Musgravius,
1265 1447 1370 1478 δεινῶς
1379 1458 1433 1478 το·

789 1487 817 1519 δὶ
832 1491 875 1528 μὴ
898 1488 1073 1529 χαράσσου.
1118 1488 1243 1518 Deinde
1268 1499 1286 1518 e
1309 1489 1433 1520 Scholi-

789 1538 856 1563 aste
871 1533 989 1562 variam
1000 1531 1170 1562 lectionem
1178 1531 1258 1561 eruit
1268 1536 1300 1562 et
1311 1532 1432 1572 probat,

788 1574 863 1607 τόδε
876 1574 934 1614 μὲν
948 1573 1123 1616 χαράσσου.
1167 1574 1275 1604 Edidit
1291 1575 1433 1606 Beckius

789 1624 861 1658 post
876 1619 1073 1649 Brunckium
1089 1617 1162 1648 λίαν
1172 1627 1229 1657 pro
1243 1616 1328 1649 τόδε.
1365 1618 1432 1649 Ve-

789 1671 856 1691 rum
871 1662 930 1692 hoc
945 1661 1040 1691 nimis
1057 1661 1157 1691 audax
1169 1660 1300 1696 videtur,
1313 1665 1345 1690 et
1359 1659 1433 1692 λίαν

789 1705 897 1735 statim
925 1705 1068 1735 recurrit.
1114 1703 1339 1743 Repetitiones
1363 1714 1433 1735 ver-

788 1746 909 1782 borum,
926 1753 961 1777 ut
975 1757 1040 1777 non
1059 1752 1134 1777 sunt
1154 1746 1216 1776 nisi
1239 1746 1433 1787 gravissimis

788 1789 827 1820 de
844 1790 948 1821 causis
961 1790 1122 1825 tollendae,
1144 1789 1190 1819 ita
1211 1799 1275 1820 non
1299 1797 1372 1820 sunt
1394 1801 1433 1821 ex

788 1833 1008 1863 emendatione
1021 1832 1236 1863 obtrudendae.
1261 1833 1355 1869 Quod
1370 1833 1433 1874 pri—

789 1886 839 1906 mo
854 1876 921 1906 vult
930 1875 1131 1916 Musgravius
1142 1874 1220 1911 τοδὶ,
1243 1881 1344 1906 metro
1356 1886 1433 1916 qua-

789 1918 868 1955 chat,
884 1919 941 1949 sed
955 1924 1020 1949 tam
1034 1928 1104 1948 raro
1125 1919 1259 1949 occuxrit
1274 1919 1358 1960 apud
1373 1924 1433 1950 tra-

789 1962 886 2002 gicos,
903 1967 938 1992 ut
952 1962 1020 2002 ipse
1033 1966 1153 1991 tantum
1166 1961 1256 1993 ταυτὶ
1270 1972 1306 1992 ex
1320 1962 1434 2003 Suppl.

790 2008 863 2036 156.
878 2005 952 2044 τῳδὶ
964 2015 1002 2034 ex
1014 2004 1111 2035 Herc.
1125 2004 1159 2034 F.
1169 2008 1245 2036 667.
1257 2005 1434 2045 protulerit.

786 2047 915 2078 Addere
928 2048 1054 2089 quidem
1070 2052 1193 2088 poterat
1208 2047 1272 2079 νυνὶ
1288 2059 1304 2078 e
1320 2048 1434 2089 Suppl-

787 2093 862 2122 308.
884 2093 937 2122 sed
954 2092 1090 2132 priorem
1104 2091 1206 2121 locum
1223 2090 1433 2122 Marklandus

786 2140 970 2174 suspectum
992 2134 1106 2164 habere
1127 2134 1263 2169 videtur,
1290 2139 1322 2164 et
1347 2135 1431 2165 hunc

786 2176 837 2206 vix
853 2178 1027 2218 quisquam,
1054 2177 1176 2216 opinor,
1200 2187 1310 2207 sanum
1328 2178 1432 2208 credi-

789 2219 881 2256 derit,
899 2221 953 2261 qui
972 2220 1020 2249 vel
1043 2220 1144 2250 obiter
1165 2220 1349 2261 inspexerit.
1393 2220 1434 2251 In

788 2263 884 2294 Herc.
902 2264 937 2293 F.
953 2265 1028 2294 667.
1051 2262 1220 2303 legendum
1232 2263 1304 2303 τῶδ’
1321 2262 1360 2301 ἣν
1375 2274 1433 2305 pro

787 2305 870 2345 τῳδί.
916 2304 1049 2346 Reliqui
1063 2306 1239 2346 vulgatum,
1264 2306 1320 2336 sed
1341 2316 1434 2347 prox-

787 2349 850 2379 ime
881 2349 920 2378 ad
950 2348 1102 2379 Brunckii
1130 2354 1273 2379 mentem
1298 2350 1432 2390 corrigo,

788 2391 877 2431 κείνῳ
891 2391 986 2423 τόσον
1000 2391 1043 2430 μὴ
1056 2390 1233 2431 χαράσσου.
1278 2391 1378 2422 Deest
1388 2392 1431 2432 μὴ

788 2435 819 2464 in
836 2435 876 2465 A.
903 2435 1008 2465 Schoi.
1031 2433 1173 2474 χαράσου
1202 2435 1240 2465 L.
1267 2435 1312 2465 sic
1342 2437 1432 2466 δυσε-

787 2478 881 2513 βοῦσι
909 2481 984 2509 753.
1008 2479 1138 2513 δυσεβεΐ
1156 2481 1252 2509 1284.
1282 2479 1432 2514 δυσεβοῦς

831 2566 905 2593 158.
926 2561 1002 2594 τάδε
1032 2562 1106 2594 Ald-

788 2604 975 2638 BrunckiuS.

1135 2562 1206 2594 τόδε
1236 2573 1274 2593 ex
1312 2562 1352 2594 A.
1390 2564 1428 2594 L.
