1606 2803
315 73 729 110 SUPPLEMEN‘I'UM
764 73 832 105 AD
865 72 1258 104 PRAEFATIONEM.
1405 74 1469 103 XV

177 179 185 193 ¹
238 181 339 236 Iph.
379 180 440 223 A.
475 181 575 223 507.
625 181 722 219 Αἰνῶ
758 193 816 228 σε,
850 172 1129 231 121÷v42aa‘,3ra
1171 174 1276 230 παραὶ
1316 171 1468 229 γνώμην

635 253 688 287 ην.

235 295 434 339 015490.
457 296 563 336 Ἐπει
585 254 688 350 γμὲιο
688 293 896 345 ἐξέπνευσεν
915 289 1182 367 Ἀγαμέμνων
1209 287 1305 339 Βῖον.

236 354 322 396 Ph.
346 355 472 396 1371.
498 358 554 394 Ὠ
577 357 718 406 τλῆμον
740 360 809 393 οἷον
829 354 972 407 τέρμον’
992 349 1182 406 ἸοΙκάστη
1207 346 1306 397 βίου.

120 411 177 454 Et
224 412 310 453 hoc
348 417 466 454 certe
507 413 767 466 plexumque
811 411 1052 452 faciebant.
1113 407 1284 448 Verum
1335 406 1471 449 istam

118 471 261 524 legem
303 470 389 510 sibi
437 470 701 512 servandam
742 471 977 523 putabant,
1027 470 1074 507 ut
1125 468 1382 518 anapaestus
1425 467 1471 506 in

121 529 277 569 eadem
298 541 408 569 voce
436 533 559 569 totus
591 528 902 569 contineretur.
966 523 1211 566 Mendosus
1246 522 1472 576 igiturest

123 584 178 640 ΙΙ)
181 586 221 627 h.
249 586 302 628 A.
325 586 454 628 1579.

286 641 388 684 ”εΕλ
391 644 470 692 ξε
453 642 483 683 0’
502 641 531 683 ὦ
555 642 735 698 θηροκτόν’
749 641 896 698 ”εμΑρτ
900 659 909 682 ι
930 642 1002 681 παῖ
1020 638 1122 687 Διός.

123 699 162 741 Ε
184 700 299 742 Mss.
323 703 468 742 tribus
492 702 832 742 Parisiensibus
854 701 977 741 dedit
1000 697 1312 748 Marklandus,

309 759 432 808 Ελεξε
454 759 484 798 δ’
506 757 533 799 ὦ
555 759 662 806 Διος’
663 758 836 815 Ἄρτεμις
859 755 1060 811 θηροκτονε.

124 815 430 870 Musgravius,
460 817 580 871 quod
612 818 774 858 mirum
804 820 885 867 est,
905 816 1135 869 vulgatam
1169 813 1336 857 tacitus
1367 814 1472 856 reti-

123 879 211 915 net.

181 932 231 973 Si
252 945 320 973 me
342 945 488 987 rogas,
510 934 608 972 utra
628 931 785 972 harum
806 943 912 972 vera
941 930 1002 970 sit
1021 929 1177 979 lectio,
1200 929 1471 983 respondeo,
1501 960 1508 968 x

123 993 290 1031 neutra.
354 990 455 1031 Nec
478 990 723 1044 quicquam
759 1002 855 1030 mea
885 988 1040 1040 refert3
1072 988 1243 1041 quippe
1266 988 1343 1042 qui
1377 1001 1474 1042 per-

124 1059 286 1088 suasus
312 1047 411 1098 sim,
444 1053 585 1090 totam
618 1062 717 1089 eam
742 1059 920 1088 scenam
942 1046 999 1087 ab
1022 1057 1165 1099 usque
1186 1057 1318 1086 versu
1341 1046 1471 1087 1541.

124 1105 325 1159 spuriam
346 1119 445 1146 esse
475 1110 518 1147 et
548 1119 576 1146 a
606 1105 847 1147 recentiori
869 1103 1079 1158 quodam,
1107 1103 1256 1143 nescio
1279 1104 1473 1156 quando,

124 1167 242 1204 certe
274 1166 378 1217 post
399 1163 572 1205 AEliani
603 1167 801 1217 tempora
833 1162 1135 1216 suppositam.
1195 1160 1333 1214 [xxii]
1367 1161 1474 1203 Non

123 1223 267 1262 tamen
288 1220 391 1261 ideo
414 1223 561 1262 omnia
583 1226 738 1263 contra
769 1221 982 1261 sermonis
1017 1218 1212 1260 indolem
1247 1221 1289 1259 et
1320 1223 1474 1261 contra

122 1279 248 1320 metri
269 1278 391 1332 leges
413 1284 601 1333 peccata
623 1279 831 1333 scriptori
853 1278 961 1332 ipsi,
982 1277 1061 1318 sed
1084 1276 1290 1330 quaedam
1312 1277 1474 1318 saliem

121 1311 343 1377 librariis*
333 1341 504 1390 nnputa
492 1337 596 1379 nda
616 1350 790 1379 censeo.
852 1336 905 1377 In
926 1336 1009 1377 hoc
1028 1336 1134 1376 loco
1156 1334 1314 1388 procul
1337 1335 1475 1376 dubio

123 1393 305 1435 dedelat
334 1395 424 1444 ille,
446 1392 590 1444 ἐεἘλξ
620 1394 665 1446 δ’,
697 1399 725 1435 ὠ
749 1391 932 1464 fingon‘ro'v’
956 1392 1138 1449 ’Ἄρτεμις
1160 1389 1268 1438 Διος·
1295 1397 1340 1434 et
1367 1405 1474 1433 mox

124 1449 242 1500 Δέξαι
283 1451 325 1491 τὸ
365 1451 464 1505 θῦμα
499 1453 594 1494 τοῦθ’
625 1450 649 1492 ‹3‘
673 1469 732 1494 σοι
764 1450 987 1508 δωρούμεθα·
1033 1452 1116 1492 sed
1157 1450 1236 1504 qui
1275 1451 1474 1505 sequitur

122 1521 292 1560 versus,

298 1566 471 1624 Στρατός
490 1567 525 1608 τ’
547 1567 719 1622 Ἀχαιῶν
735 1564 989 1622 Ἀγαμέμνων
1010 1565 1158 1617 ἅναξθ’
1180 1568 1286 1621 ὁμοῦ,

126 1636 281 1665 vereor
303 1637 356 1665 ne
375 1629 435 1668 sit
450 1627 496 1667 in
517 1627 664 1679 ipsius
680 1625 1064 1682 PseudEuripidis
1082 1625 1306 1666 cerebello
1324 1627 1470 1665 natus.

125 1680 394 1724 Marklando
416 1683 652 1738 legendum
677 1684 984 1732 videbatur,
952 1682 1125 1737 Στρατός
1146 1683 1182 1721 τ’
1201 1682 1374 1736 Ἀχαιῶν
1395 1697 1472 1720 κοι-

123 1737 194 1788 νὸς,
225 1739 477 1794 Ἀγαμέμνων
509 1747 541 1780 τ
572 1738 683 1790 ἅναξ.
745 1740 837 1781 Ubi
870 1753 974 1781 vero
1009 1738 1188 1791 Tragici
1228 1739 1471 1780 exercitum

124 1794 387 1839 Graecorum
417 1800 500 1840 hoc
532 1799 729 1852 epitheto
760 1797 948 1838 ornanti
1013 1795 1066 1837 In
1092 1796 1208 1837 hac
1197 1809 1300 1850 ipsa
1320 1809 1469 1847 scena,

124 1853 252 1895 1591.
297 1856 359 1897 ait
400 1855 713 1898 Marklandus.
775 1850 966 1908 Στρατεια
1007 1853 1186 1907 quidem
1225 1854 1322 1903 κοινὴ
1361 1857 1468 1903 erat,

124 1912 288 1966 στρατὸς
319 1927 406 1954 non
443 1912 570 1960 κοινός.
633 1911 888 1953 Brunckius
923 1915 1073 1951 tamen
1105 1911 1164 1952 ad
1196 1910 1342 1952 Orest.
1368 1911 1472 1952 201.

125 1969 211 2009 ait:
255 1970 458 2012 “Tertia
493 1971 538 2010 in
566 1968 814 2025 Ἀγαμέμνων
855 1968 1045 2023 produci
1074 1967 1238 2023 (lege‘
1261 1966 1471 2022 corripi')

124 2026 300 2079 quidem
345 2032 498 2082 potest
538 2028 580 2067 in
622 2026 838 2068 canticis.
898 2026 989 2067 Sed
1041 2026 1163 2067 aliud
1213 2027 1470 2080 exemplum

125 2082 394 2126 afferendum
416 2089 526 2134 erat,
547 2098 680 2138 quam
703 2096 861 2125 versus
880 2096 937 2124 ex
958 2083 1059 2138 Iph.
1080 2082 1137 2124 A.
1155 2096 1182 2124 a
1204 2083 1467 2137 Musgravio

124 2141 364 2185 excitatus.
425 2141 540 2183 Cum
581 2141 849 2182 Marklando
886 2140 1004 2181 enim
1035 2141 1196 2191 sentio,
1229 2142 1305 2194 qui
1315 2116 1470 2181 ²³inter·

124 2198 326 2251 polatum
376 2199 499 2240 illum
551 2198 753 2248 affirmat,
803 2204 848 2240 et
895 2197 1138 2240 admodum
1177 2198 1470 2264 probabiliter

125 2256 369 2298 emendat?
427 2256 594 2298 Verum
627 2257 666 2297 si
697 2260 818 2298 totus
849 2256 980 2297 locus
1013 2256 1174 2297 saeculi
1204 2250 1468 2297 recentioris

125 2317 208 2362 est,
249 2314 470 2356 medicina
506 2314 554 2355 fit
590 2319 784 2356 mortuo.
846 2313 918 2354 De
955 2327 1043 2368 quo
1074 2314 1212 2355 latius
1251 2326 1397 2366 agam,
1429 2313 1469 2354 si

127 2372 304 2424 quando
337 2372 532 2413 fabulam
565 2371 703 2413 istam
735 2371 956 2412 edendam
986 2371 1165 2412 curabo.
1225 2369 1330 2412 Alia
1364 2371 1468 2411 loca

125 2428 285 2480 partim
306 2442 330 2469 e
350 2430 483 2470 variis
501 2429 786 2479 lectionibus,
812 2429 974 2482 partim
997 2442 1020 2470 e
1042 2429 1301 2482 conjectura
1322 2441 1468 2469 emen-

127 2483 274 2526 danda
296 2490 411 2527 sunt.
472 2486 569 2541 Iph.
593 2486 650 2528 A.
672 2486 771 2528 817.
793 2486 910 2527 male
941 2486 1131 2528 mutavit
1153 2485 1466 2535 Marklandus‚

126 2541 234 2583 licet
268 2543 487 2599 Φαρσάλιον
518 2544 751 2598 praebeant
774 2543 888 2585 Mss.
951 2543 1007 2585 In
1026 2543 1125 2585 814.
1147 2545 1186 2599 γ’
1211 2542 1466 2593 delendum,
