1566 2789
90 43 176 86 106

87 150 164 188 ’ἦθᾶς
180 152 242 182 264

89 195 186 231 ἥκειν.
202 194 270 231 ἥκει
285 191 384 231 λό’γος
397 190 473 231 πρός
495 203 576 229 τινα,
592 195 654 222 etc.
668 194 731 223 485

91 237 172 275 ἦπου
184 243 215 266 et
229 235 249 274 ἦ
263 236 347 267 πολὺ
363 236 492 266 confusa
509 237 589 266 1053

392 368 428 396 Θ.

90 450 160 483 θεὸς
186 451 420 493 monosyllabon
444 453 517 482 393.
551 449 692 480 Nomina
715 460 734 479 a

135 494 203 526 θεὸς
231 494 416 534 incipientia
446 493 602 534 quomodo
633 492 734 523 Attici

134 537 372 578 pronunciarint
384 540 457 568 303.
471 536 545 576 πρὸς
558 538 646 576 Θεῶν,
658 535 734 576 πρὸς

132 583 195 612 τῶν
207 582 282 611 θεῶν
290 583 343 611 92.
359 579 421 611 θεοὶ
437 580 504 610 sine
516 580 645 610 articulo
657 583 732 611 412.

133 624 193 662 τὴν
207 623 386 661 καλλίστην
400 625 475 654 θεῶν
489 634 513 652 s.
530 621 611 658 θεὸν,
628 627 689 652 etc.

88 668 171 707 θεῦς,
184 669 253 698 θεῦν
269 669 331 697 393

56 720 63 734 ’κ
92 711 198 750 Θήγειν
213 716 245 740 et
257 709 356 748 θίγειν
369 707 497 739 confusa
516 710 597 739 1034

91 755 199 794 θίγειν,
216 755 315 792 Θνγεῖν
330 756 361 784 5.
379 751 478 791 Θίγειν
492 759 525 781 et
540 750 645 790 θήγειν
660 761 734 782 con-

132 798 202 828 fusa
219 799 301 828 1034

92 839 246 877 θνήσκειν.
271 839 367 870 θανὼν
387 839 472 869 θανεῖ
486 841 560 869 77].
585 836 688 869 ἔθανες
704 843 736 868 et

138 883 246 914 ἔκανες
261 882 391 914 confusa
408 885 481 913 192.
499 882 599 912 θανεῖν
613 886 645 912 et
659 893 734 912 κτα-

137 929 199 958 νεῖν
214 926 342 957 consusa
360 928 441 956 1627

92 970 230 1011 θριγγὸς,
247 968 371 1010 θριγκὸς
387 971 466 999 1585

402 1102 426 1127 1.

95 1199 105 1217 ι
131 1186 230 1217 dativi
253 1185 417 1225 singularis
441 1194 481 1214 an
505 1182 590 1224 apud
614 1182 736 1215 Atticos

136 1229 273 1260 elidatur
288 1231 361 1259 584.
379 1230 461 1258 1427

94 1286 103 1303 ι
126 1272 347 1313 paragogicum
358 1271 536 1300 dativorum
551 1272 636 1300 1459

42 1325 45 1328 ’
92 1316 226 1355 ἰακχεῖν,
241 1314 344 1354 ἰαχεῖν
358 1316 421 1344 954

93 1359 168 1390 ἰδεῖν
190 1357 317 1397 ὄμμασι,
341 1358 375 1388 ἐν
398 1355 513 1395 ὄμμασι
537 1357 632 1387 1018.
653 1354 737 1385 ἴδετε

136 1408 168 1432 et
184 1401 282 1432 εἴδετε
296 1401 428 1430 confusa
446 1402 506 1430 128

93 1444 274 1485 “ipsam—ra
287 1447 348 1475 255

93 1486 272 1529 ἱεροσκοπιὰ
288 1489 371 1518 1259

93 1533 244 1563 ἱκνεῖσθαι
257 1529 327 1561 τινά
341 1540 425 1561 τινος
437 1530 501 1559 663

92 1577 143 1607 ἵνα
158 1575 248 1615 (ubi)
263 1577 326 1605 976

95 1618 222 1651 ἰσόθεος.
267 1617 319 1647 De
357 1614 533 1656 quantitate
569 1614 601 1644 h.
637 1623 668 1643 v.
706 1616 737 1644 9.

137 1660 334 1702 [Blomfield.
347 1659 386 1689 ad
401 1656 546 1697 AEschyii
561 1656 647 1686 Pers.
665 1659 735 1687 81.:

139 1711 160 1724 “
174 1705 211 1735 111
228 1703 346 1735 ἰσόθεος
366 1702 431 1732 iota
446 1711 500 1741 per
515 1700 735 1730 necessitatem

138 1747 366 1789 producebant,
390 1750 425 1775 ut
446 1754 505 1773 vox
530 1743 666 1773 versibus
681 1753 736 1782 ap-

139 1793 197 1822 tari
218 1788 360 1831 posset.’'
406 1787 521 1817 Valeat
543 1786 596 1816 illa
612 1786 689 1816 ratio
705 1787 735 1815 in

141 1835 212 1865 aliis
227 1833 357 1863 vocibus
372 1830 579 1871 polysyllabis
593 1841 599 1858 :
626 1829 658 1858 in
679 1830 736 1859 hae

140 1887 204 1907 non
221 1882 296 1917 puto
306 1875 421 1909 valere,
436 1879 470 1903 ut
481 1873 535 1913 qui
548 1872 673 1902 omnino
686 1883 738 1902 ve-

140 1931 220 1956 rear,
236 1930 275 1950 ne
289 1918 452 1949 metricam
468 1917 552 1946 illam
566 1916 739 1946 necessita-

140 1969 218 1998 tem,
248 1962 375 2003 quando
404 1970 485 1999 aqna
513 1959 603 1988 nobis
632 1960 738 1995 haeret,

141 2011 306 2037 causantes
328 2005 367 2034 de
395 2003 497 2043 poetis
516 2002 670 2032 veteribus
685 2012 739 2042 pa-

140 2060 211 2080 rum
236 2048 403 2079 honorifice
420 2046 591 2086 loquamur.
639 2044 740 2074 Ride-

140 2098 211 2123 rent
226 2092 284 2131 illi,
300 2091 419 2130 opinor,
444 2090 468 2118 si
488 2088 528 2117 ad
551 2098 606 2117 nos
628 2088 742 2117 reversi

141 2141 263 2166 nostras
288 2143 411 2164 suarum
440 2132 472 2161 in
497 2131 637 2161 versibus
664 2140 741 2171 pan-

142 2178 254 2219 gendis
269 2176 496 2209 difficultatem,
513 2184 581 2214 quae
597 2174 687 2203 nobis
696 2174 742 2203 vi-

142 2222 267 2256 dentur,
280 2219 495 2250 excusationes
507 2222 742 2257 cognoscerent.

143 2264 195 2295 De
209 2274 285 2294 voce
298 2262 422 2303 quidem
441 2260 567 2295 ἰσόθεος,
582 2270 646 2294 cur,
657 2269 741 2299 quae-

144 2318 190 2343 80,
218 2317 282 2337 non
303 2305 447 2336 audimus
468 2302 662 2333 Porsonum?
687 2303 742 2342 qni

144 2351 227 2392 quod
260 2347 407 2389 AEschyli
429 2347 639 2387 fragmentum
665 2344 743 2375 dixit

139 2397 336 2433 corruptum,
368 2390 481 2420 vellem
511 2398 648 2423 causam,
686 2398 741 2418 cur

143 2446 199 2476 pro
224 2439 369 2475 corrupto
393 2434 532 2467 haberet,
557 2430 740 2462 addidisset.

145 2479 338 2519 Ubicunque
368 2476 450 2507 enim
477 2485 496 2505 a
525 2472 742 2505 Grammaticis

144 2522 269 2557 citatur,
305 2521 372 2550 sine
407 2518 565 2558 scripturae
593 2517 744 2548 varietate

146 2565 268 2600 citatur,
286 2569 319 2594 ut
333 2562 366 2593 in
383 2561 520 2602 Regulis
536 2562 576 2591 de
592 2558 745 2591 Prosodia

146 2608 185 2639 ab
200 2608 383 2639 Hermanno
399 2604 493 2636 editis
506 2614 538 2645 p.
558 2606 633 2636 444.
647 2603 745 2644 φᾶρος

522 54 704 86 INDEX
739 52 988 87 GRAECUS.

818 146 888 180 ἶσον
914 148 1031 188 οὐρανῷ
1055 148 1172 179 dictum
1196 155 1232 179 ut
1257 149 1419 191 θώρηκα--

819 190 1010 232 ἀστερόεντα
1018 191 1148 223 Homer.
1161 192 1254 224 Iliad.
1265 194 1329 225 xvi.
1347 197 1419 226 134.

821 234 933 265 Obiter
957 235 1074 275 corrige
1097 235 1271 266 Arcadium
1293 246 1326 277 p.
1344 240 1418 271 195.

822 280 874 351 ᾗ.
886 277 982 361 ἔῖὴν
1005 278 1062 309 τοῦ
1086 279 1193 320 φᾶρος,
1217 279 1349 320 πρᾶγος.
1374 281 1419 311 G.

774 363 853 394 ἴσος.
876 363 927 393 De
942 363 1117 404 quantitate
1133 365 1164 394 h.
1178 375 1210 395 v.
1226 366 1246 396 9

777 405 933 444 ι’σχαίνειν
956 409 1031 437 292.
1055 406 1114 446 [V.
1144 407 1238 438 Plato
1260 406 1358 449 Gorg.
1386 418 1418 448 p.

821 452 896 480 522.
913 449 944 478 in
962 449 1044 481 HSt.
1070 450 1113 481 G.
1131 451 1178 483 H.
1196 451 1250 492 8.]

776 490 918 531 ἶσχιίνειν
932 495 996 524 292

1080 625 1117 651 Κ.

780 707 841 739 καί.
873 706 1018 746 καὶ-’γε
1047 709 1143 738 1616.
1165 705 1307 738 καὶ-δὲ
1337 707 1421 747 apud

823 751 985 791 scriptores
1007 750 1197 790 antiquiores
1212 760 1273 780 non
1289 752 1423 780 occurrit

822 796 897 824 614.
921 792 1014 823 Conf.
1031 795 1127 824 1124.
1150 792 1200 824 καὶ
1215 798 1246 823 et
1259 793 1279 830 ἢ
1295 793 1424 823 confusa

825 839 899 867 821.
915 835 965 867 καὶ
981 840 1013 865 et
1028 835 1290 877 κατ-(κατα-)
1313 835 1424 866 confu-

824 890 858 909 sa
874 882 947 910 301.
963 878 1014 909 καὶ
1030 883 1062 908 et
1076 880 1136 909 παῖ
1147 879 1278 910 confusa
1292 881 1356 910 614

780 921 896 953 καίνειν
926 927 958 953 et
992 921 1124 952 κτείνειν
1160 922 1290 953 confusa
1328 923 1423 954 1299.

824 965 932 996 ἔκανες
947 970 979 994 et
995 963 1101 996 ἔθανες
1115 964 1245 996 confusa
1260 967 1322 995 192

779 1007 883 1040 καινὸς
898 1014 930 1038 et
945 1007 1032 1039 κενὸς
1044 1008 1174 1039 confusa
1190 1010 1273 1039 1574

780 1051 903 1084 κακίων.
926 1051 977 1081 De
992 1051 1167 1092 quantitate
1183 1051 1213 1080 h.
1228 1061 1258 1082 v.
1276 1053 1339 1082 559

780 1094 972 1134 κακομήτης,
986 1093 1153 1132 κακόμητις
1169 1096 1253 1125 1400

780 1137 888 1170 καλός.
925 1138 975 1168 De
991 1138 1166 1178 quantitate
1181 1137 1212 1166 h.
1227 1147 1258 1166 ν.
1273 1139 1304 1167 5.
1329 1134 1425 1167 καλὸν

825 1192 853 1212 c.
868 1180 983 1211 infinit.
999 1180 1038 1210 de
1054 1185 1222 1213 construct-
1237 1181 1279 1210 27

781 1226 885 1256 καλῶς
899 1229 931 1254 et
946 1222 1038 1263 ὀρθῶς
1049 1222 1181 1253 confusa
1199 1224 1259 1253 110

781 1266 861 1307 κάρα
874 1270 936 1298 955

781 1309 1046 1351 κατ-(κατα-)
1060 1313 1094 1339 et
1106 1307 1156 1340 καὶ
1173 1307 1302 1339 confusa
1317 1310 1379 1340 301

782 1354 937 1385 καταινεῖν
954 1355 1037 1384 1090

783 1394 994 1428 κατακτείνων
1011 1406 1037 1425 s.
1056 1394 1261 1426 κατακτείνας
1276 1394 1315 1424 de
1340 1392 1427 1424 caede

827 1440 983 1469 intentata
999 1441 1074 1470 906.
1101 1437 1170 1477 [Sic
1195 1438 1293 1468 etiam
1316 1444 1425 1468 vern-a-

827 1483 897 1513 cule
915 1480 1057 1511 Mtjrder.
1084 1481 1127 1511 G.
1144 1480 1191 1511 H.
1207 1481 1260 1521 S.]
1312 1484 1316 1487 “

783 1523 951 1557 καταπαύω
967 1534 1022 1564 pro
1038 1521 1254 1563 καταπαύομαι
1267 1525 1330 1553 288

784 1568 1011 1609 κατάρχεσθαι.
1034 1567 1087 1597 De
1102 1566 1333 1598 constructione
1348 1565 1380 1596 h.
1399 1574 1427 1595 v.

825 1615 889 1643 949

784 1653 953 1686 κατάσκιος
969 1664 996 1683 c.
1011 1653 1109 1693 genit.
1125 1655 1200 1684 219.

781 1697 950 1737 καταφυγὴ
965 1698 1067 1728 κακῶν
1081 1699 1154 1727 442.
1169 1698 1244 1727 714.
1259 1706 1289 1725 κ.
1306 1698 1426 1733 συμφο-

824 1743 880 1782 ρᾶς
894 1744 969 1773 714.
981 1751 1010 1770 κ.
1025 1738 1177 1780 σωτηρίας
1191 1741 1266 1770 442.
1278 1740 1339 1769 714

782 1785 958 1825 κάτοπτρον
975 1786 1058 1814 1110

783 1829 893 1863 κεῖνος,
911 1828 1026 1858 ἐκεῖνος
1044 1828 1127 1857 1146

783 1872 870 1903 κενὸς
886 1876 918 1901 et
932 1869 1035 1901 καινὸς
1052 1868 1184 1899 confusa
1201 1870 1284 1898 1574

783 1913 960 1954 κεραννύειν
974 1913 1112 1953 κρατῆρα
1132 1914 1213 1942 1645

783 1957 952 1999 κερουλκὸς
964 1960 1028 1987 262

785 2000 910 2039 κεφαλὴ
927 2006 958 2031 et
975 1997 1093 2039 κορυφὴ
1110 1997 1238 2028 confusa
1253 1999 1274 2026 6

785 2045 880 2076 κινεῖν
894 2048 926 2074 et
943 2043 1069 2074 κυκλεῖν
1082 2040 1215 2072 confusa
1227 2041 1291 2070 62-1,

785 2086 894 2118 κλάειν
909 2090 961 2118 59.
975 2089 1039 2117 274

785 2129 930 2170 κλινήρης
952 2132 1046 2160 1500-
1081 2126 1147 2167 [Sic
1170 2123 1311 2166 λεχήρης
1337 2124 1428 2156 Phoe·

828 2173 907 2204 niss.
925 2175 1019 2203 1557.
1045 2170 1086 2202 G.
1104 2169 1150 2200 H.
1167 2168 1218 2208 8.]

787 2214 860 2256 κόρη
876 2220 908 2245 et
920 2213 1000 2247 κύων
1014 2213 1144 2243 confusa
1157 2214 1219 2242 605

786 2257 907 2299 κορυφὴ
921 2264 952 2288 et
967 2256 1091 2296 κεφαλὴ
1104 2254 1234 2285 confusa
1246 2256 1267 2284 6

785 2300 906 2341 κραθεὶς
921 2306 952 2331 et
964 2299 1102 2340 κρανθεὶς
1115 2296 1243 2328 confusa
1258 2298 1340 2327 1021

784 2343 920 2384 κρανθεὶς
936 2351 968 2374 et
982 2342 1103 2384 κραθεὶς
1114 2339 1246 2371 confusa
1258 2342 1340 2371 1021

785 2388 921 2428 κρατῆρα
936 2384 1160 2426 ἐγκεραννύειν,
1176 2386 1238 2413 etc.
1251 2384 1333 2413 1645

785 2432 924 2470 κραυγὴν
934 2428 1051 2460 τιθέναι
1065 2429 1148 2459 1254

786 2473 886 2514 κρίσιν
900 2472 1016 2504 διδόναι
1031 2474 1093 2503 837

787 2518 930 2548 κτᾶσθαι.
942 2515 1096 2554 κτήσομαι
1107 2518 1139 2545 et
1150 2510 1344 2550 κεκτήσομαι
1356 2521 1431 2542 eon-

830 2560 899 2590 fusa
914 2561 977 2591 483

791 2601 924 2635 κτείνειν
938 2603 978 2633 de
994 2599 1080 2634 caede
1094 2599 1250 2630 intentata
1264 2599 1339 2629 906.
1377 2595 1430 2626 De
