1565 2834
535 57 708 89 INDEX
734 53 971 88 GRAECUS.

82 173 209 208 ἐπιέναι,
226 172 245 210 ἦ
259 172 383 203 ’πιοῦσα
397 169 533 209 λαμπὰς,
550 173 613 201 353

81 216 229 252 ἐπικάειν,
245 215 390 247 ἐπικαίειν
406 217 466 246 139

80 258 305 300 ἐπικηρύκευμα
320 262 383 290 736

83 304 279 341 ἐπιπέταμαι,
297 300 479 340 ἐπιπέτομαι
495 303 509 330 l

79 345 282 378 ἐπιστέλλειν
297 356 369 377 cum
383 343 561 376 accusativo
585 349 725 382 personae

124 393 188 421 719

83 434 283 473 ἐπιστρωφᾷν
299 436 361 465 661

83 475 156 508 ἔπος
171 482 204 506 et
219 476 316 516 λόγος
331 476 462 507 confusa
479 477 562 505 1314

82 519 190 568 ἔραμαι
205 530 277 550 cum
294 520 443 561 genitiVO‚
460 522 609 559 sequente
621 514 725 545 infini-

123 563 190 593 tivo
207 565 290 595 1396

84 604 277 645 ἐργάζεσθαι.
321 606 374 636 An
396 604 521 646 Tragici
546 604 612 633 futu
619 613 649 633 ro
677 604 724 642 ε’ρ-

127 648 261 688 ’γάξομαι
277 650 327 679 usi
344 649 408 679 siut
423 651 498 680 914.
527 645 725 686 εἰργασμένος

127 698 158 722 et
175 691 368 731 ἐγνωσμένος
385 692 514 723 confusa
528 693 592 721 776

87 736 291 775 ἐρετμῆσαι,’
305 735 503 776 1Me1niga1e’4

86 780 268 818 ἐρετμῶσαι,
284 784 291 796 ‘
304 780 456 819 remigare
468 777 603 819 cogere,’
614 781 621 793 ‘
634 776 725 807 remi-

129 822 180 861 gio
194 822 364 863 applicare’
380 827 399 854 4

84 864 232 904 ἐρήσομαι
248 870 312 898 282

86 908 229 948 Ἐριννύς.
275 909 326 939 De
343 908 517 950 quantitate
532 909 563 938 h.
578 918 606 937 v.
623 909 706 938 1256

87 950 166 991 ἔρος,
183 953 255 992 ἔρως
271 956 312 984 52

88 994 192 1034 ἕρπειν
207 999 269 1027 334

90 1039 189 1079 ἔρῤειν
204 1042 278 1071 334.
312 1039 423 1081 ἐῤῥέτω
450 1042 482 1067 et
504 1035 640 1077 χαιρέτω
656 1046 730 1066 con-

128 1082 197 1113 fusa
210 1086 294 1114 1040

88 1124 184 1165 ἔρυμα
201 1130 281 1158 1319

89 1170 239 1208 ἔρχεσθαι
260 1181 330 1200 cum
355 1169 512 1201 infinitivo
529 1176 561 1200 et
576 1177 644 1196 cum
663 1177 730 1206 par-

134 1213 242 1252 ticipio
260 1216 343 1244 1300

90 1257 147 1294 ε’ρῶ
161 1261 192 1285 et
207 1255 293 1295 λέγω
309 1257 437 1287 confusa
451 1259 513 1288 577

90 1299 173 1339 ἔρως,
193 1298 260 1339 ἔρος
280 1303 339 1331 152

92 1344 134 1377 ἐς,
151 1342 193 1374 εἷς
209 1346 282 1374 267.
300 1347 373 1374 710.
390 1346 464 1375 973.
480 1346 554 1374 982.
590 1344 620 1374 ἐς
637 1348 668 1373 et
685 1342 733 1373 ἐπὶ

115 1386 245 1416 confusa
262 1389 346 1417 1192

93 1429 206 1468 ἐσορᾷν
220 1435 252 1459 et
267 1430 342 1470 ὃρᾷν
356 1430 488 1460 confusa
503 1432 583 1460 1095

94 1470 186 1502 ἑστία
201 1477 234 1502 et
251 1473 330 1503 οἰκία
345 1474 478 1503 confusa
493 1475 576 1504 1127

95 1514 166 1550 ἔσω,
185 1515 257 1546 ε’ίσω
274 1520 327 1546 88.
343 1519 403 1546 185

95 1556 143 1588 ἔτι
160 1561 233 1588 356.
261 1559 322 1589 οὐδ’
341 1557 388 1589 ἔτι
403 1563 435 1589 et
457 1558 528 1590 οὔδέ
552 1572 583 1590 τι
606 1559 735 1589 confusa

96 1643 270 1681 εὐδαιμονία
284 1650 316 1675 et
332 1644 464 1682 εὐτυχία
479 1645 606 1675 confusa
622 1648 685 1677 722

97 1686 245 1724 εὐδαίμων
258 1693 290 1717 et
306 1687 411 1723 ὄλβιος
427 1688 557 1718 confusa
573 1691 654 1720 1225

98 1729 218 1770 εὐκρὰς,
235 1731 381 1771 εὔκρατος
398 1733 479 1762 1363

99 1773 238 1804 εὐκταῖος
255 1778 316 1806 170

98 1815 224 1854 εὐνέτης
242 1820 304 1848 160

101 1860 173 1896 εὐνὴ
189 1865 222 1889 et
237 1859 336 1900 λέχος
345 1859 456 1900 juncta
472 1862 553 1891 1335

102 1901 232 1939 εὐνήτης
250 1906 310 1934 160

102 1945 232 1986 εὐτυχία
246 1953 278 1976 et
293 1945 424 1986 εὐψυχία
439 1945 570 1975 confusa
584 1948 658 1977 722.
692 1946 740 1976 εὐ-

144 1989 241 2028 τυχία
256 1995 288 2019 et
302 1987 477 2028 εὐδαιμονία
491 1989 622 2018 confusa
635 1991 698 2020 722

101 2031 276 2073 εὐφραίνειν
287 2039 319 2064 et
333 2033 457 2070 ἥδεσθαι
473 2031 604 2061 confusa
618 2034 680 2062 884

102 2074 236 2115 εὐψυχία
250 2081 281 2105 et
297 2075 427 2115 εὐτυχία
439 2074 568 2106 confusa
583 2077 645 2106 722

103 2118 272 2158 ἐφήδεσθαι
290 2121 350 2149 136

104 2161 202 2201 ἔχειν,
215 2162 344 2201 ἔχεσθαι
359 2164 421 2192 139

106 2204 261 2244 ἐχθαίρειν
276 2208 338 2235 555

107 2247 276 2288 ἐχθαρτέος
291 2251 353 2278 555

107 2290 279 2330 ἐχθραίνειν
292 2294 353 2321 555

109 2333 294 2375 ἐχθραντέος
309 2336 372 2364 555

116 2377 210 2417 ἕψειν,
225 2377 309 2417 ἕψειν
322 2378 417 2407 Tmo.

410 2515 442 2541 Z.

107 2595 238 2636 ζαμενὴς
256 2598 313 2627 125
321 2597 336 2625 l

1351 42 1410 83 95

767 166 842 197 Ζεὺς
853 167 993 207 πατρῷος
1010 168 1092 197 1314

767 209 854 248 ζηλῶ
877 221 914 240 σε
931 212 971 240 59

767 251 861 290 ζημία
876 258 908 282 et
923 251 1019 292 μωρία
1032 250 1161 281 confusa
1177 253 1258 282 1225

769 293 824 333 ζόη
838 295 979 335 Tragicis
993 298 1174 334 usurpatum
1188 296 1252 325 972

769 337 828 376 ζῶν
844 344 876 369 et
889 340 949 376 ’γῆς
964 338 1095 368 confusa
1108 340 1171 368 749

1072 474 1110 500 H.

770 573 812 579 —-
822 567 840 596 ῃ
854 559 933 585 et—
944 567 970 585 ει
986 554 1190 585 secundarum
1208 563 1411 595 personarum

814 602 887 630 269.
903 600 977 628 621.
993 601 1066 629 858.
1083 600 1166 628 1220

768 641 788 679 ἢ
803 648 837 671 et
852 642 878 672 εἰ
891 641 1022 671 confusa
1034 643 1110 671 493.
1125 643 1209 671 1079

770 684 897 724 ἡγήτωρ
911 682 1031 721 μελέων
1045 686 1109 714 426

770 729 897 765 ἥδεσθαι
912 732 944 757 et
960 726 1131 767 εὐφραίνειν
1143 725 1275 756 confusa
1290 728 1351 757 884

771 770 875 808 ἡδοναὶ
892 773 953 800 734

770 814 877 851 ἥλικες
891 816 955 844 248

771 857 909 895 ἡμιθνὴς,
925 854 1090 893 ἣμίθνητος
1109 858 1189 886 1363

771 897 955 939 Ἡρακλέης.
990 898 1040 927 De
1056 899 1232 937 quantitate
1249 899 1279 928 h.
1295 908 1323 926 v.
1338 900 1413 928 675.

817 944 949 982 Semper
977 940 1144 981 legendum
1168 941 1354 980 Ἡρακλέους
1381 946 1415 970 et

816 986 979 1024 Ἡρακλέει
995 993 1048 1023 pro
1064 983 1223 1013 mendosis
1246 982 1416 1022 Ἡρακλέος

817 1034 850 1058 et
864 1026 1014 1068 Ἡρακλέϊ

774 1071 949 1110 ἡττώμενος
964 1076 998 1100 et
1013 1069 1174 1108 νικώμενος
1189 1070 1319 1101 confusa
1331 1071 1413 1100 1011

1077 1208 1113 1234 Θ.

777 1286 943 1326 θανάσιμος
956 1290 1019 1318 852

779 1330 957 1371 θανατήριος
972 1341 1031 1360 vox
1046 1329 1137 1360 nihili
1154 1332 1216 1361 852

779 1373 947 1414 θανατηρὺς
962 1376 1024 1404 852

778 1416 854 1448 θεός.
870 1415 945 1457 πρὸς
962 1418 1046 1451 θεῶν,
1062 1415 1137 1455 πρὸς
1150 1417 1214 1447 τῶν
1226 1417 1301 1446 θεῶν
1316 1418 1389 1446 325.

778 1459 902 1498 θέσμιον
917 1462 979 1492 494

778 1502 902 1542 θεσμός.
946 1502 997 1533 De
1013 1502 1126 1542 plurali
1142 1501 1240 1566 Θεσμὰ
1254 1503 1317 1532 494

779 1546 885 1577 θέσπις
899 1549 960 1577 425

780 1591 876 1626 θῆλυς
891 1591 955 1619 924

781 1633 870 1669 θῆτα,
885 1630 1018 1667 θὴτατος
1033 1632 1096 1661 476

782 1675 832 1715 Θόρ
834 1676 949 1706 νυσθαι.
994 1673 1046 1702 An
1069 1670 1207 1711 Tragicis
1238 1677 1424 1712 usurpatum

815 1686 901 1749 ''0284
926 1715 1084 1757 θόρνυσθαι
1100 1720 1132 1744 et
1132 1695 1333 1754 Οθρύπτεσθαι
1347 1726 1423 1746 cou-

826 1760 896 1791 fusa
911 1762 974 1790 284

786 1803 970 1845 θρύπτεσθαι
985 1807 1016 1831 et
1031 1799 1190 1841 θόρνυσθαι
1204 1800 1334 1830 confusa
1348 1803 1412 1832 284

786 1847 918 1878 θύλακος
942 1845 1094 1884 ἀλφίτων,
1117 1843 1153 1874 ον
1176 1855 1233 1881 μυς
1263 1842 1425 1883 διετραγεν

833 1892 903 1920 139.
947 1888 998 1918 De
1014 1887 1168 1927 quantita
1171 1896 1188 1915 e
1203 1886 1236 1915 h.
1254 1897 1281 1916 v.
1299 1889 1360 1917 139

786 1933 865 1970 θῦμα
879 1937 910 1962 et
923 1933 1009 1969 δῶμα
1023 1929 1155 1960 confusa
1174 1932 1254 1959 1050

787 1973 945 2014 Θωρυκίων
961 1976 1022 2005 848

1085 2110 1110 2136 Ῑ.

770 2185 801 2222 ἰ
823 2192 855 2221 in
883 2191 962 2220 Mss.
994 2195 1109 2230 puncto
1139 2187 1259 2228 duplici
1288 2191 1432 2218 notatum

834 2236 929 2266 1153.
955 2246 964 2264 ι
979 2240 1011 2263 et
1022 2244 1039 2262 ν
1055 2232 1185 2262 confusa
1198 2233 1262 2262 256

794 2276 908 2308 ἱκάνεις
923 2281 955 2306 et
971 2273 1108 2312 ἐστάλης
1124 2274 1255 2305 confusa
1269 2275 1333 2304 666

793 2319 916 2350 Ἰόλεως
931 2321 994 2349 139

792 2363 942 2394 ἵπτασθαι
958 2361 1073 2391 Atticis
1087 2359 1282 2399 incognitum
1299 2362 1315 2389 1

792 2406 852 2436 ἴσθ’
870 2410 903 2434 et
918 2403 993 2435 οἶσθ’
1011 2404 1142 2434 confusa
1156 2405 1219 2433 694

794 2448 827 2479 ἶὼ
842 2452 873 2478 et
889 2446 1061 2489 &bcoufusa
1080 2448 1158 2477 1271
