1566 2789
135 68 193 112 82
425 82 641 108 ADDENDA
664 82 712 108 IN
736 81 862 107 noris
886 80 945 107 AD
969 80 1197 108 anconam.

136 180 249 220 trem,
269 174 375 225 quod
395 174 433 211 in
454 182 548 213 nota
568 174 617 212 ad
642 175 756 212 1149.
789 174 960 225 promisi.
1032 173 1261 223 Elegantius
1294 178 1354 209 est
1374 184 1461 222 pard

134 227 307 278 ticipium
328 241 416 266 cum
437 230 570 275 verbo,
598 228 740 278 copula
768 228 926 273 omissa,
960 227 1226 278 conjunctum,
1246 238 1362 275 quam
1384 226 1462 263 duo

135 282 255 318 verba
284 294 352 331 per
381 282 564 332 copulam
597 281 820 331 conjuncta.
891 281 1014 318 Recte
1034 281 1164 330 igitur,
1194 279 1344 329 opinor,
1370 291 1460 317 curn

137 333 336 372 Brunckio
356 335 447 372 568.
468 334 572 371 edidi
588 334 793 383 κρύπτουσα
810 346 878 383 pro
900 334 1069 381 κρύπτειν
1088 349 1141 378 τε,
1162 338 1266 369 recte
1288 331 1466 369 Brunck-

140 385 201 424 ius
222 387 260 423 in
281 387 479 438 Aristoph.
499 387 604 424 Nub.
630 389 745 424 1414.
766 400 786 424 e
808 387 886 425 MS.
908 386 1017 423 dedit
1031 386 1211 423 τύπτοντα
1230 397 1299 434 pro
1317 385 1466 422 τύπτειν

140 455 195 486 τε,
215 440 320 477 unde
340 440 550 491 legendum
570 440 607 476 in
630 440 804 490 AEschyl.
825 440 934 477 Pers.
959 441 1074 476 1059.
1105 440 1182 476 Καὶ
1215 437 1332 486 στέρν’
1353 439 1467 485 ἀράσ-

142 509 217 530 σων
237 493 374 541 ἑπιβόα
400 494 440 531 τὸ
463 494 624 530 Μύσιον.
654 494 853 543 Aristoph.
883 492 976 529 Pac.
1006 493 1100 529 405.
1136 492 1186 528 ‘H
1218 494 1291 539 γὰρ
1308 490 1467 536 Σελήνη,

142 550 200 596 χὼ
220 555 428 594 πανοῦργος
449 547 599 588 ”Ηλιος,
628 546 740 596 ’Υμῖν
767 545 1055 593 ἐπιβουλεύουσι
1079 545 1199 582 πολὺν
1228 544 1295 590 ἤδη
1314 544 1465 594 χρόνον,

142 600 231 636 Τοῖς
247 598 475 647 βαρβάροισι
488 598 705 648 προδίδοτον
722 601 788 644 τὴν
800 599 988 637 Ἑλλάδα.
1022 598 1122 634 Cum
1138 597 1246 634 nulla
1261 597 1312 633 sit
1329 608 1465 641 causa,

143 664 263 701 quare
282 652 405 690 oratio
425 652 624 690 ἀσύνδετος
644 658 813 696 maneat,
835 651 1028 702 conjicere
1050 650 1178 701 possis
1199 649 1260 687 vel
1282 655 1354 687 τοῖς
1372 647 1468 698 βαρ-

142 704 272 754 βάροις
295 721 349 751 τε,
369 705 428 743 vel
460 704 684 754 προδιδόναι,
706 712 749 742 ut
774 712 930 755 regatur
951 705 999 741 ab
1026 702 1324 751 ἐπιβουλεύουσι,
1356 702 1467 751 cujus

143 764 352 796 structurae
384 758 601 809 exemplum
631 759 748 795 habet
779 758 860 807 ipse
896 757 1178 807 Aristophanes
1208 757 1312 793 Plut.
1352 756 1468 793 1112.

145 811 222 848 alia
256 811 510 861 suppeditant
531 811 581 848 H.
614 811 838 862 Stephanus
859 811 931 848 Th.
954 810 1005 848 G.
1027 810 1069 847 L.
1090 816 1119 847 t.
1142 809 1165 847 i.
1187 823 1224 859 p.
1247 810 1340 846 770.
1363 807 1406 845 F.
1428 816 1468 846 et

145 863 467 902 Hemsterhusius
501 864 551 902 ad
584 864 744 903 Lucian.
781 863 900 906 Deor.
935 863 1094 913 Dialog.
1129 863 1207 899 xxi.
1240 863 1279 899 ⁶2.
1312 874 1350 912 p.
1373 861 1466 900 268.

146 916 225 954 Sed
246 917 487 955 Ravennatis
507 916 654 955 codicis
688 917 804 954 lectio
835 917 1137 964 ἐπιβουλεύοντες
1169 915 1302 952 leviter
1320 920 1470 952 mutata

145 970 318 1019 genuina
337 971 417 1017 fiet,
451 970 750 1017 ἐπιβουλεύοντε.
822 971 905 1008 Nec
926 979 1056 1007 tamen
1081 968 1181 1006 adeo
1212 974 1361 1005 remota
1380 979 1403 1004 a
1421 966 1468 1005 li-

143 1023 357 1061 brariorum
377 1024 599 1074 cognitione
620 1031 703 1062 erat
720 1024 807 1061 haec
837 1023 1005 1074 phrasis,
1040 1023 1133 1073 quin
1153 1034 1238 1059 eam
1258 1019 1469 1070 aliquando

144 1075 185 1112 in
204 1083 352 1114 textum
373 1084 510 1114 contra
540 1086 704 1115 metrum
734 1077 970 1120 invexerint3
1004 1083 1048 1113 ut
1066 1074 1237 1113 Acharn.
1262 1075 1377 1112 1145.
1406 1073 1470 1112 Σοὶ

143 1129 185 1166 δὲ
202 1131 354 1180 ῥιγῶντι
369 1131 649 1182 προφυλάττειν,
675 1138 714 1168 et
734 1131 829 1168 Pac.
851 1131 942 1168 628.
964 1133 1009 1176 ἢν
1033 1131 1109 1176 ἐγὼ
1133 1128 1314 1179 φυτεύσας
1333 1128 1471 1175 ἐξεθρε·

146 1184 292 1234 ψάμην,
311 1196 474 1234 quorum
503 1183 680 1222 vitiorum
700 1184 806 1235 prius
836 1183 981 1221 tollunt
1000 1183 1099 1220 Mss.
1121 1182 1285 1219 alterum
1315 1179 1474 1217 sustulit

144 1235 365 1275 Dawesius.
420 1237 483 1274 Σοὶ
512 1236 552 1274 δὲ
578 1239 695 1288 ῥιγῶν
727 1239 785 1275 καὶ
817 1237 1098 1289 προφυλάττειν,
1125 1239 1170 1282 ἣν
1193 1236 1268 1282 ἐγὼ
1297 1234 1470 1285 ’φυτευσα

144 1290 437 1340 κάξεθρεψάμην.
469 1291 556 1341 Ipse
577 1290 759 1341 equidem
779 1289 883 1327 edidi
907 1290 1005 1328 Hec.
1028 1290 1120 1327 662.
1156 1290 1290 1326 κούκέτ’
1318 1285 1353 1324 εἷ
1370 1286 1466 1333 βλέ-

143 1359 268 1381 πουσα
286 1350 371 1394 φῶς,
391 1343 457 1381 ubi
477 1344 561 1382 Lib.
583 1344 628 1381 P.
650 1345 768 1381 habet
787 1346 924 1381 κούκέτι
955 1343 1111 1392 βλέπεις
1137 1343 1240 1394 φάος.
1298 1339 1415 1384 Quod
1437 1339 1469 1377 Si

144 1397 234 1447 quis
253 1403 391 1434 contra
409 1410 470 1435 me
491 1398 661 1448 urgebit,
691 1397 953 1448 respondebo,
977 1403 1147 1435 veterem
1180 1394 1387 1433 lectionem
1407 1405 1469 1431 me

144 1450 261 1487 unius
281 1450 429 1488 codicis
450 1451 681 1489 auctoritate
705 1460 856 1489 mutare
876 1450 1050 1488 noluisse
1067 1464 1076 1494 ;
1110 1449 1220 1487 aliter
1240 1461 1319 1487 non
1339 1447 1468 1485 minus

144 1503 272 1549 facile,
294 1504 326 1541 si
353 1506 441 1556 φάος
460 1505 499 1542 in
519 1512 592 1556 φῶς
611 1505 729 1543 semel
761 1511 952 1543 mutatum
972 1511 1091 1550 esset,
1123 1503 1322 1553 vulgatam
1348 1514 1369 1538 e
1389 1502 1469 1538 κοῦ-

145 1558 220 1596 κέτι
237 1556 392 1605 βλέπεις
417 1565 487 1608 φῶς
507 1558 617 1597 nasci
636 1558 825 1608 potuisse,
846 1571 962 1610 quam
983 1557 1081 1596 illud
1102 1570 1123 1594 e
1142 1557 1305 1607 vulgata
1325 1553 1466 1606 potuit.

145 1609 251 1649 Satis
267 1609 369 1648 enim
390 1611 481 1647 trita
509 1619 570 1648 est
602 1612 687 1647 haec
707 1609 855 1647 locutio
876 1621 953 1646 non
988 1611 1114 1645 solum
1144 1610 1248 1658 apud
1268 1606 1469 1657 Tragicos,

145 1663 217 1703 sed
237 1663 342 1715 apud
364 1663 560 1708 Comicos,
580 1662 684 1714 apud
716 1663 882 1708 Atticos,
911 1661 1016 1713 apud
1036 1660 1162 1698 omnis
1184 1660 1335 1710 generis
1356 1665 1396 1697 et
1413 1671 1468 1697 ae-

144 1718 236 1756 tatis
257 1718 478 1767 scriptores,
528 1717 622 1767 Ejus
656 1716 687 1753 si
717 1716 805 1766 quis
836 1714 1014 1766 exempla
1044 1714 1242 1751 cumulare
1277 1713 1468 1757 instituet,

145 1778 259 1809 caute
279 1771 488 1816 abstineat,
501 1777 582 1808 tum
604 1771 652 1807 ab
673 1768 707 1807 εἶ
733 1769 861 1806 δώσων
883 1768 982 1806 Hec.
1011 1769 1103 1805 577.
1124 1773 1164 1805 et
1180 1766 1381 1812 similibus,
1399 1765 1468 1803 ubi

147 1822 183 1863 εἶ
202 1830 263 1862 est
293 1828 304 1844 ‘
325 1823 424 1869 ibis‚’
444 1836 523 1861 non
543 1828 553 1845 ‘
575 1823 645 1868 eS,'
664 1829 745 1860 tum
767 1835 790 1859 a
810 1825 949 1860 κτείνας
978 1824 1084 1874 γένῃ,
1117 1826 1156 1858 et
1181 1817 1334 1869 προδοὺς
1359 1822 1468 1870 γένῃ,

145 1890 235 1928 quae
256 1876 397 1914 diversi
417 1882 507 1914 sunt
525 1876 691 1926 generis.
751 1876 857 1913 Casu
884 1874 985 1912 enim
1004 1873 1195 1912 interdum
1224 1873 1304 1911 fieri
1326 1878 1467 1922 potest,

146 1938 191 1968 ut
208 1930 270 1968 hae
290 1929 452 1979 phrases
479 1936 757 1980 permutentur.
807 1932 849 1965 ln
871 1927 1049 1965 Platonis
1079 1926 1245 1964 Politico
1271 1924 1470 1963 Scholias-

147 1990 208 2020 tes
228 1996 268 2033 p.
290 1984 354 2020 38.
375 1996 444 2034 pro
470 1981 656 2036 ξυμβαίνῃ
675 1982 819 2019 variam
853 1981 1060 2018 lectionem
1088 1979 1231 2030 ξυμβάν
1249 1976 1270 2031 ᾗ
1305 1979 1468 2029 praebet.

147 2037 292 2074 Verum
320 2049 438 2086 quam
456 2035 570 2073 facile
591 2042 673 2073 erat
692 2036 728 2072 in
750 2042 827 2073 tam
850 2046 968 2084 parvo
988 2033 1208 2071 discrimine
1228 2034 1391 2069 alterum
1411 2030 1469 2069 al·

148 2089 220 2128 teri
241 2092 484 2140 supponere!
537 2089 662 2139 Supra
681 2091 873 2133 ιἰνεστήκει
904 2086 1102 2136 Aristoph.
1126 2085 1231 2123 Plut.
1255 2086 1346 2122 738.
1367 2095 1469 2122 unus
1530 2098 1533 2099 ⁷

148 2142 274 2181 codex
295 2142 399 2193 apud
421 2141 659 2179 Brunekium
695 2140 1000 2192 suprascriptum
1024 2139 1156 2184 habet,
1187 2140 1391 2184 ἀνεστηκὼς
1409 2135 1469 2182 ἦν.

150 2195 391 2234 scholiastes
412 2195 586 2232 Platonis
607 2209 645 2245 p.
664 2195 726 2231 74.
748 2194 871 2244 primo
893 2193 1140 2230 Homericum
1161 2193 1203 2236 ἠὲ
1224 2193 1316 2228 ἑκὼν
1327 2193 1469 2239 μεθίεις

149 2248 259 2294 citat,
280 2247 422 2285 deinde
442 2248 694 2297 παραφράὲων
707 2246 773 2292 ait,
795 2249 851 2283 καὶ
873 2248 972 2283 ἔστιν
992 2247 1010 2282 ὁ
1030 2251 1185 2283 τοιοῦτος
1205 2245 1297 2281 ἑκὼν
1311 2246 1465 2292 μεθίων,

150 2304 210 2339 καὶ
225 2303 276 2352 μὴ
295 2305 486 2353 προσέχων
503 2301 566 2338 τὸν
587 2305 686 2338 νοῦν.
744 2300 901 2337 Iarchas
922 2298 1027 2349 apud
1050 2298 1329 2335 Philostratum
1348 2295 1396 2333 V.
1418 2296 1467 2334 A.

147 2354 200 2392 iii.
221 2356 286 2392 47.
309 2354 362 2392 ait
382 2354 459 2392 τούς
477 2352 698 2404 Πυγμαίους
717 2354 830 2390 οἰκεῖν
845 2354 916 2401 μὲν
930 2354 1138 2399 ὑπογείους,
1159 2353 1301 2388 κεῖσθαι
1317 2348 1359 2386 δὲ
1377 2349 1469 2396 ὑπὲρ

150 2407 215 2445 τὸν
229 2407 402 2456 Γάγγην,
424 2408 567 2446 ἐῶντας
587 2408 734 2454 τρόπον,
754 2406 791 2443 ὃς
810 2411 925 2442 πᾶσιν
945 2406 1099 2454 ε’ίρηται·
1121 2416 1235 2453 quem
1262 2404 1390 2439 locum
1411 2401 1468 2438 sic

149 2459 288 2498 recitat
319 2460 506 2498 Eusebius
539 2467 676 2496 contra
713 2458 933 2495 Hieroclem
972 2470 1058 2508 cap.
1090 2459 1155 2495 22.
1188 2458 1267 2504 περὶ
1297 2455 1366 2503 μὲν
1395 2461 1468 2492 τῶν

150 2513 379 2563 Πυγμαίων,
399 2516 443 2550 ὡς
471 2514 543 2562 ἄρα
562 2511 638 2549 εἶεν
667 2514 844 2549 οἰκοῦντες
862 2512 931 2558 μὲν
950 2511 1129 2558 ὑπόγειοι,
1159 2507 1407 2557 διατρίβοντες
1426 2505 1468 2543 δὲ

150 2567 220 2607 ὑπὸ
246 2566 310 2605 τὸν
329 2565 488 2619 Γάγγην
506 2565 673 2617 ποταμὸν
694 2565 843 2606 ἐῶντες.
864 2564 946 2615 (ubi
972 2564 1063 2615 ὑπὲρ
1081 2575 1151 2618 pro
1169 2563 1237 2600 ὑπὸ
1257 2559 1468 2614 legendum
