1566 2789
137 33 249 76 xxiv
355 44 767 77 SUPPLEMENTUM
801 44 870 76 AD
903 26 1290 78 PRAEFA'moNEM.

256 147 408 203 Eurip.
423 148 582 190 Phoen.
604 148 732 191 1635.
752 148 865 189 Ἀλλ’
879 148 929 190 ἔτι
947 149 1078 203 νεάζων
1092 152 1200 198 αὐτὸς
1212 148 1345 206 εὕροιμ’
1366 149 1413 193 σ’ἶν
1437 151 1446 206 l

604 263 733 305 1642.
755 207 925 376 Ἐγβαῖξὲ
942 262 1050 305 ναίειν
1067 265 1102 305 σ·’
1118 267 1183 307 οὐκ
1200 266 1354 319 ἐάσαιμ’
1367 286 1414 308 αν
1439 266 1447 323 1

419 377 632 419 Androm.
647 378 746 420 937.
767 338 995 419 Βλέπζζῗἑῂ
969 376 1013 419 οἳν
1029 378 1255 435 αὖγαςτᾶμ’
1276 382 1472 436 ἔκαρποῦτ”

824 433 870 476 ἂν
895 437 900 488 Ι
926 435 1039 491 λέχη.

609 492 739 534 1187.
773 490 890 540 Ουτός
909 494 950 548 γ’
972 493 1017 533 aiv
1043 494 1091 542 ὥς
1120 495 1161 534 ἐκ
1192 496 1292 534 τῶνδ’
1323 495 1473 549 ἐτιμᾶτ’

827 548 874 590 ἀν
899 552 905 604 Ι
929 550 1050 621 1γέρον.

428 605 740 649 Bacch.1272.
767 606 902 655 Κλόοις
923 607 967 648 ἀν
985 610 1041 649 οὐν
1060 625 1096 648 τι
1120 608 1350 664 κάποκρίναι’
1371 607 1419 649 οἳν
1444 612 1451 665 Ι

429 719 614 763 Heracl
634 721 734 763 457.
765 669 1032 831 111άέῗὲἶὲΞῖ
1023 721 1226 778 Εὐρυσθεύς
1244 739 1293 778 με
1308 722 1472 774 βούλοιτ’

825 796 870 819 αν
926 788 977 819 λα
1010 796 1070 820 ων.

140 835 326 890 [xxxiii]
371 834 513 877 Acute
542 835 671 888 igitur
695 838 738 875 et
759 837 1045 887 probabiliter
1079 838 1124 877 in
1158 838 1350 892 Hippol.
1370 838 1472 880 296.

143 896 319 940 Γυναικες
350 892 426 932 αἵδε
458 890 767 946 συγκαθίστοιιντ’
789 889 834 931 ἀν
854 891 954 932 νόσον
984 893 1329 947 (συγκαθίστανται
1356 895 1472 935 enim

142 949 259 991 Mss
265 948 284 1004 )
316 949 560 1002 conjecerat
583 948 883 1000 Musgravius,
915 951 1116 1002 quamvis
1138 956 1297 1003 postea
1318 951 1472 1004 vulga-

141 1011 233 1048 tum
253 1004 552 1061 συγκαθιστάναι
576 1005 832 1047 defenderit.
892 1005 1025 1048 Certa
1042 1011 1190 1048 autem
1214 1006 1473 1049 Marklandi

140 1063 386 1106 emendatio
409 1062 508 1116 Iph.
529 1062 585 1104 A.
606 1062 706 1103 524.

274 1119 346 1160 “Ov
365 1121 416 1172 μὴ
438 1120 484 1159 σὺ
507 1118 669 1176 φράζεις,
690 1121 765 1167 πῶς
785 1119 1010 1173 ὑπολάβοιμ’
1032 1120 1077 1160 ἄν
1102 1120 1109 1174 ff
1133 1120 1272 1176 λόγον;

141 1177 196 1219 In
229 1178 434 1219 omnibus
465 1177 534 1218 his
565 1177 780 1230 exemplis
813 1178 925 1219 illud
956 1179 1281 1220 observandum
1313 1182 1395 1231 est,
1423 1177 1472 1220 οἶν

142 1248 315 1289 semper
338 1235 472 1276 verbo
494 1247 578 1275 suo
601 1235 748 1274 statim
765 1234 979 1289 subjungi,
995 1235 1128 1288 idque
1145 1249 1244 1277 cum
1262 1236 1471 1287 elisione;

122 1292 259 1333 -unde
278 1293 365 1333 levi
386 1291 546 1333 mendo
566 1291 740 1332 laborat
760 1305 914 1333 versus
946 1292 1196 1339 Erechthei,
1229 1294 1356 1348 Φρονε
1346 1310 1373 1340 ις
1392 1295 1470 1348 γὰρ

141 1348 201 1398 ἤδη
225 1347 467 1397 κάποσώσαις
487 1347 532 1387 ἄν
552 1342 717 1403 πατρός.
764 1348 1031 1404 Quanquam
1063 1349 1190 1400 σώζειν
1220 1350 1341 1404 apud
1360 1349 1471 1391 Tra-

141 1407 266 1458 gicos
302 1406 585 1460 aliquando‘
607 1406 881 1448 meminisse’
915 1407 1150 1461 significat,
1178 1408 1304 1460 longe
1325 1408 1472 1460 aptior

140 1463 228 1505 hoc
252 1476 383 1505 sensu
405 1468 475 1504 est
495 1463 644 1505 media
662 1464 813 1505 forma.
873 1464 992 1518 Lege
1012 1465 1159 1517 igitur,
1178 1462 1412 1504 κὰποσώσαι’
1427 1464 1473 1504 ἂν

139 1520 291 1576 πατρός.
351 1520 519 1562 Similis
541 1520 745 1563 confusio
766 1522 811 1562 in
832 1521 956 1563 Med.
977 1522 1073 1563 734.
1092 1521 1262 1573 μεθεῖσαν
1283 1525 1328 1562 et
1354 1522 1468 1573 μεθεῖ’

138 1578 196 1618 ἄν.
242 1578 426 1628 Verum,
447 1578 534 1619 nisi
555 1578 740 1620 mutatio
762 1579 822 1620 sit
841 1579 1102 1633 perexigua,
1122 1579 1220 1620 haec
1241 1583 1283 1620 et
1304 1579 1469 1620 similia

138 1636 242 1676 loca
274 1635 506 1676 sollicitari
536 1636 688 1676 nolim.
748 1635 881 1687 Sane,
917 1637 956 1677 si
990 1636 1081 1677 Ms.
1116 1637 1245 1676 bouae
1276 1640 1394 1677 notae
1424 1637 1469 1676 in

139 1692 341 1763 AEschyli
361 1705 492 1733 versu
514 1692 639 1733 daret
664 1691 884 1748 παραινέσαι
906 1696 1046 1742 καλῶς,
1073 1697 1153 1733 aut
1173 1694 1215 1734 in
1237 1691 1469 1746 Euripidis

138 1746 255 1788 ακουέ
273 1765 358 1802 μου,
385 1748 517 1804 πάτερ,
546 1762 632 1790 non
658 1749 872 1790 illibenter
891 1751 1152 1802 acciperem.
1212 1749 1294 1790 Est
1314 1761 1469 1790 versus

139 1805 309 1849 Alcest.
336 1805 465 1847 1106.
499 1803 633 1860 Χρόνος
652 1804 835 1857 μαλάξει,
867 1807 970 1845 νῦνδ’
992 1804 1034 1844 ἔθ’
1053 1806 1130 1860 ἡβᾷ
1149 1821 1207 1845 σοι
1228 1805 1359 1856 κακὸν,
1389 1806 1469 1860 qui

138 1875 196 1903 ex
215 1862 289 1912 iis,
312 1876 413 1916 quae
434 1862 569 1903 modo
591 1862 703 1910 dixi,
718 1875 802 1903 non
818 1861 1092 1902 incommode
1111 1862 1283 1903 defendi
1304 1866 1468 1916 potest.

137 1919 310 1960 Verum
329 1919 430 1972 quis
447 1931 654 1972 reponere
674 1919 895 1960 dubitabit
910 1932 933 1959 6
956 1917 1128 1959 Galeno
1148 1920 1209 1959 iv.
1232 1920 1286 1960 de
1307 1919 1469 1974 Dogm.

141 1976 367 2030 Hippocr.
390 1980 435 2016 et
454 1975 577 2016 Plat.
596 1979 628 2016 t.
644 1975 673 2015 i.
694 1990 738 2030 p.
754 1975 935 2017 28355.
956 1974 1021 2015 ed.
1038 1975 1178 2016 Basil.
1201 1980 1232 2016 t.
1249 1989 1290 2017 v.
1305 1990 1350 2030 p.
1367 1976 1467 2018 152.

141 2032 339 2074 Charter.
362 2045 494 2086 quem
514 2032 727 2074 indicavit
746 2031 1100 2074 Valckenaerius
1120 2031 1311 2073 Diatrib.
1332 2047 1376 2087 p.
1395 2033 1467 2075 28.

140 2089 197 2132 Β.
221 2090 269 2131 C.
304 2089 437 2144 Χρόνος
455 2088 636 2142 μαλάξει,
658 2092 715 2130 νῦν
735 2090 762 2129 δ’
786 2088 828 2128 ἔθ’
849 2088 1026 2139 ἡβάσκει,
1042 2087 1186 2129 κακόνΤ
1233 2089 1321 2130 Sed
1343 2090 1466 2141 talia,

139 2152 192 2188 ut
212 2146 322 2196 dixi,
343 2159 400 2186 ex
419 2158 538 2186 mera
554 2145 809 2199 conjectura
827 2159 915 2187 non
937 2145 1160 2188 tentanda.

210 2203 318 2245 Alia
353 2207 468 2252 sunt,
504 2216 605 2256 quae
646 2203 750 2244 huic
784 2203 948 2256 regulae
984 2215 1073 2243 non
1112 2216 1214 2244 vere
1255 2202 1465 2251 officiant,

136 2263 303 2302 tantum
324 2272 383 2300 ex
403 2272 610 2313 perversa
634 2259 958 2313 orthographiae
991 2259 1160 2300 ratione
1194 2257 1365 2300 officere
1400 2261 1466 2302 vi-

138 2317 336 2358 deantur.
416 2316 469 2356 In
508 2316 618 2358 hanc
664 2317 856 2358 classem
895 2315 1125 2356 reserenda
1162 2321 1271 2371 puto
1312 2330 1464 2359 exem-

136 2374 230 2427 pla,
261 2374 337 2415 ubi
367 2373 477 2421 οὐδεὶς
507 2374 617 2416 inter
646 2376 849 2427 quartum
880 2373 1041 2427 pedem
1060 2376 1102 2414 et
1123 2374 1325 2428 quintum
1352 2374 1465 2416 divio

135 2430 282 2474 datur.
