1565 2834
554 72 928 177 ΜΗΔΕΙΑ.

69 213 178 282 Teo.
208 211 287 263 οὐκ
313 212 394 263 εἶσὶ
425 211 568 281 δόμοι
578 211 773 303 ,φξουόοι
796 212 890 283 ’γοὶξ
920 209 1000 270 ήδη

300 285 322 337 ὁ
346 309 429 355 μεν
457 288 551 358 γοὶξ
578 284 675 357 ’ἔχει
705 285 880 358 λέκτρα
908 285 1127 357 τυράννων·

145 285 270 337 τάδ’·

69 429 229 471 κίρνασθαι
251 438 358 462 noster
374 431 474 472 IIipp.
491 435 564 463 256.
611 431 714 462 Hero-

10 508 12 510 ,
67 474 160 504 dotus
186 475 228 506 iv.
254 477 327 506 152.
353 476 455 514 φιλίαι
471 474 715 515 συνεκρήθησαν.

68 517 121 547 vii.
146 519 220 548 151.
242 516 349 556 φιλίην
371 517 631 558 συνεκεράσαντο.
658 519 716 549 AE-

70 560 170 600 scliyl.
195 559 345 600 Choepli.
363 564 436 591 342.
455 562 608 600 νεοκρᾶτα
621 559 716 600 φίλον

69 601 235 640 κομίσειεν.
281 603 323 633 Et
354 604 411 633 hoc
442 603 572 633 fortasse
601 614 718 634 verum.

72 644 141 676 Nec
156 652 262 676 tamen
272 645 405 676 absurda
417 652 466 675 est
477 647 572 676 lectio
585 651 718 686 quatuor

68 688 214 719 codicum
229 694 262 719 et
277 689 472 724 Sclioliastae,
485 688 551 719 ἐπεί
560 701 611 726 μοι
626 688 720 728 φίλον

70 730 248 772 κέκρανται,
271 737 307 763 ut
329 730 425 771 φίλον
447 742 519 761 cum
542 733 626 769 δῶμα
643 742 719 761 cou-

69 775 195 805 cortlet.
240 775 420 806 Brunckius
436 780 469 804 et
486 774 638 814 Bechus,
653 773 719 805 ἐπεὶ

68 816 111 855 μὴ
127 815 219 857 φίλια
234 816 410 859 κέκρανται.

119 862 191 892 139.
209 863 281 892 140.
304 861 426 891 Omnes
450 859 532 891 Mss.
555 865 589 891 et
606 860 721 900 plerae-

72 913 134 943 que
147 904 222 934 edd.
238 904 356 944 φροῦδα
369 904 439 935 τάδ’
454 904 525 940 ἤδη·
541 903 578 934 ‘0
592 902 649 942 μὲν
659 901 721 944 ’γὰρ

74 945 142 985 ἔχει
158 946 278 988 λέκτρα
292 946 459 988 τυράννων,
475 947 636 987 utriusque
651 956 721 976 ver-

71 999 126 1020 sus
156 1000 230 1021 cum
258 991 437 1030 dispendio.
496 990 596 1020 Aldus
626 989 723 1020 etiam

72 1033 169 1072 δῶμα,
180 1034 263 1074 quod
273 1034 392 1065 retinet
400 1033 550 1064 Beckius.
574 1033 636 1063 Sed
648 1031 722 1064 λέκ-

73 1087 145 1116 τρα,
183 1076 269 1117 quod
295 1076 422 1108 edidere
460 1076 663 1118 Musgravius
690 1081 724 1106 et

76 1119 266 1156 Brunckius,
282 1120 379 1150 habet
394 1119 547 1150 Lascaris.
592 1118 618 1148 E
632 1119 668 1149 M
674 1130 723 1149 us-

74 1162 175 1203 gravii
199 1163 379 1204 conjectura
402 1163 516 1193 dedere
543 1162 724 1194 Brunckius

73 1209 108 1235 et
130 1206 283 1247 Beckius,
306 1205 364 1237 τὸν
384 1205 442 1245 μὲν
455 1204 551 1247 ’γὰρ”’
534 1217 613 1246 εχει.
660 1206 724 1236 Sed

76 1248 206 1286 rectius,
222 1250 346 1291 opinor,
362 1249 389 1280 si
406 1250 470 1279 sieri
488 1254 604 1290 potest,
621 1259 723 1279 serva-

77 1290 161 1323 bitur
183 1293 406 1334 nominativus,
433 1298 467 1322 ut
488 1294 505 1324 ὁ
527 1291 587 1331 μὲν
609 1297 643 1322 et
664 1291 684 1329 ἡ
700 1292 725 1323 δ’

75 1336 256 1367 accuratius
269 1341 481 1377 opponantur.
521 1334 650 1366 Deinde
661 1345 727 1366 rcc-

76 1377 138 1408 tius
147 1378 262 1411 dicitur
271 1378 399 1411 Iason'
382 1390 471 1420 εχειν
479 1389 572 1420 quam
584 1378 726 1418 ἔχεσθαι.

78 1419 166 1452 Dedi
185 1421 292 1463 igitur,
316 1433 380 1454 non
403 1433 527 1463 prorsus
550 1433 587 1453 ex
603 1423 727 1464 conjec-

78 1467 158 1500 tura,
175 1466 295 1505 φροῦδα
309 1466 372 1506 γὰρ
385 1466 445 1504 ἤδη
459 1465 538 1496 τάδ’·
562 1467 579 1497 ὅ
594 1464 652 1505 μὲν
666 1465 728 1506 ’γὰρ

77 1505 157 1545 ἔχει.
204 1507 415 1538 scholiastes:
441 1508 501 1539 ἀπὸ
517 1508 578 1540 δὲ’
565 1509 730 1546 αρσενικοῦ

77 1548 122 1581 εἷς
151 1549 316 1605 οὐδέτερρν
339 1549 490 1589 μετέστη.
520 1551 637 1590 φροῦδα
666 1550 730 1590 ’γὰρ

80 1590 166 1624 τάδε.
188 1592 230 1624 τὰ
252 1592 405 1630 οἰκήματα
419 1593 521 1632 λέγει.
567 1592 730 1623 Praevideo

81 1639 188 1666 tamen
203 1635 429 1677 objectionem,
452 1635 503 1666 cui
520 1640 555 1665 ut
574 1636 646 1676 ipse
666 1635 731 1664 vim

82 1677 219 1719 aliquam
236 1679 352 1715 tribue,
371 1679 417 1709 sic
432 1688 496 1708 non
517 1688 655 1718 eousque
679 1687 731 1706 va-

82 1721 146 1752 lere
161 1721 304 1757 arbitror,
321 1727 356 1752 ut
372 1722 438 1752 haec
455 1721 550 1752 lectio
560 1720 732 1760 rejiciatur.

84 1763 213 1795 Scilicet
227 1764 323 1805 objici
336 1769 454 1805 potest,
471 1764 656 1804 particulam
670 1761 734 1804 ’γάρ

82 1807 165 1838 intra
178 1807 339 1838 tantillum
353 1807 490 1848 spatium
513 1806 627 1846 repeti,
649 1806 732 1845 quod

84 1850 169 1891 apud.
176 1851 312 1882 comicos
320 1850 427 1890 saepis
416 1850 489 1880 *ime
497 1848 641 1883 occurrit,
649 1849 733 1889 apud

84 1893 218 1935 tragicos
226 1894 325 1924 multo
334 1894 448 1924 rarius.
460 1893 499 1923 Et
506 1891 666 1922 fatendum
674 1896 732 1929 est,

85 1936 229 1978 quaedam
240 1936 438 1979 hujusmodi
432 1947 462 1966 ιιι
473 1935 609 1976 vulgatis
619 1935 732 1966 editio-

87 1980 180 2010 nibus
201 1982 351 2011 mendose
374 1979 584 2015 circumferri3
610 1978 733 2018 spurius

86 2023 173 2054 enim
186 2029 234 2054 est
245 2034 352 2054 versus
363 2022 527 2063 Sophoclis
540 2001 595 2061 Aj'.
608 2024 683 2052 555.
695 2031 735 2051 ex

86 2066 151 2097 alio
163 2067 303 2098 dramate
313 2067 352 2097 ad
362 2067 536 2107 marginem
546 2064 735 2105 adscriptus,

89 2119 160 2150 quae
171 2110 330 2141 sententia
337 2115 387 2140 est
399 2110 452 2140 viri
463 2108 585 2143 summi,
598 2106 734 2138 Valcke-

88 2153 199 2189 naerii,
207 2155 246 2183 ad
255 2153 390 2194 Hippol.
396 2156 471 2184 217.
478 2152 515 2182 In
527 2151 655 2191 llippol.
662 2152 737 2182 885.

89 2206 126 2226 ex
144 2195 187 2227 A.
201 2196 239 2226 Β.
252 2196 286 2227 L.
300 2201 464 2236 receptum
480 2200 529 2225 est
544 2193 577 2226 δὲ
593 2204 649 2234 pro
665 2192 737 2235 γάρ.

91 2238 254 2271 Heraclid.
269 2242 344 2271 476.
365 2241 487 2279 πρῶτον
501 2237 564 2278 γὰρ
578 2235 642 2269 τόδ’
659 2238 736 2276 ἐξαι-

91 2281 239 2322 τήσομαι.
274 2282 395 2314 Γυναικὶ
417 2281 478 2322 ’γὰρ
493 2279 570 2319 σιγή
584 2292 622 2312 τε
635 2279 686 2312 καὶ
700 2279 738 2311 τὸ

91 2326 263 2366 σωφρονεῖν
286 2325 483 2357 Κάλλιστον.
527 2324 590 2355 Sed
606 2334 661 2364 pro
676 2323 738 2364 ’γὰρ

93 2369 194 2409 priore
218 2369 388 2411 legendum
412 2368 531 2398 videtur
553 2366 622 2406 μέν.
667 2366 737 2398 Nec

93 2416 199 2443 tamen
215 2412 329 2443 desunt
339 2412 478 2443 indubiae
495 2411 568 2441 fidei
583 2410 737 2451 exempla,

95 2465 227 2496 quorum
249 2466 362 2497 pauca,
389 2455 445 2485 sed
460 2453 620 2495 aptis-sima
636 2453 737 2493 profe-

93 2508 171 2529 ram.
204 2498 349 2540 AEschyl.
375 2498 483 2529 Prom.
507 2498 581 2528 333.
609 2494 740 2527 Πάντως

92 2540 156 2581 ’γὰρ
177 2541 213 2572 οὐ
237 2541 355 2573 πείσεις
381 2552 437 2573 νιν·
462 2540 497 2571 οὐ
522 2538 584 2580 ’γὰρ
608 2538 740 2576 εὐπιθής.

97 2584 210 2625 Choe'p
213 2585 244 2616 h.
267 2587 343 2616 751.
372 2584 410 2615 τὸ
435 2585 477 2622 μὴ
506 2583 639 2623 φρονοῦν
667 2582 740 2623 γὰρ,

97 2626 228 2669 &arrepti
243 2627 352 2664 βοτὸν,
374 2626 505 2669 Τρέφειν
519 2624 652 2666 ἀνάγκη,
676 2627 741 2658 πῶς

1329 66 1411 140 ,15

1327 299 1409 336 140

759 431 821 472 γὰρ
833 432 869 462 οὕ
882 442 889 468 ;
906 429 1010 471 τρόπῳ
1026 430 1147 471 φρενός·
1170 431 1216 462 Οὐ
1231 430 1292 471 ’γάρ
1303 442 1333 461 τι
1344 435 1409 470 φω-

760 476 809 505 νεΐ
828 476 900 506 παῖς
924 472 967 505 ἔτ’
991 474 1032 504 ὢν
1055 474 1089 504 ἐν
1110 473 1313 515 σπαργάνοις.
1334 476 1411 506 989.

759 517 910 556 Αἰγίσθου
928 517 991 557 ’γὰρ
1016 517 1052 547 οὐ
1077 516 1164 554 λέγω
1191 517 1296 557 μόρον·
1314 517 1410 555 Ἔχει

760 560 821 600 ’γὰρ
851 561 1070 601 αἰσχυντῆρος,
1105 561 1144 592 ὡς
1172 560 1272 599 νόμος,
1311 560 1411 598 δίκην.

761 604 872 643 Suppl.
888 607 962 635 494.
978 604 1046 634 κατ’
1063 604 1164 644 ἀρχῆς
1177 603 1238 644 ’γὰρ
1254 603 1412 643 φιλαίτιος

762 646 851 677 λεώς.
876 646 935 677 Καὶ
949 646 1011 685 ’γὰρ
1026 645 1099 686 τάχ’
1115 647 1154 677 ἄν
1167 659 1214 677 τις
1228 646 1332 677 οῑκτος
1347 646 1412 678 εἶσ-

763 690 834 720 ιδὼν
854 689 942 724 τάδε,
957 687 1071 727 ”Τβριν
1092 689 1151 728 μὲν
1175 689 1336 730 ἐχθήρειεν
1359 690 1414 730 ἄρ·

764 743 854 762 σενος
863 730 995 762 στόλου.
1015 731 1156 772 Euripid.
1169 733 1413 764 P11oe11iss.959.

764 775 800 805 οὐ
814 773 876 815 ’γάρ
892 775 979 805 ἐστιν
991 773 1093 816 ᾔθεος·
1119 775 1175 807 Κεῖ
1188 776 1232 815 μὴ
1247 776 1309 817 ’γὰρ
1325 776 1414 814 εὐνῆς

764 818 871 858 ἥψατ’,
891 818 965 849 ἀλλ’
989 817 1059 856 ἔχει
1077 817 1186 858 λέχος·
1206 819 1258 849 ubi
1278 820 1416 850 Valcke-

765 861 918 897 naerium,
962 862 1162 902 quantumvis
1205 863 1416 903 suspicacem,

767 906 835 935 haec
850 904 988 945 suspicio
998 915 1061 935 non
1074 905 1190 938 tetigit.
1209 905 1322 946 Suppl.
1339 908 1415 937 845.

767 946 947 986 ἐπιστήμων
969 948 1032 989 ’γὰρ
1056 947 1092 978 εῖ.
1116 947 1206 979 Εἶδον
1227 948 1289 989 ’γὰρ
1313 948 1416 980 αὐτῶν

767 990 920 1031 κρείσσον’
944 990 964 1028 ἢ
994 991 1082 1031 λέξαι
1109 991 1197 1031 λόγῳ
1224 991 1417 1030 Τολμήμαίν.

769 1034 841 1075 lph.
856 1034 897 1066 A.
914 1036 1010 1066 1421.
1032 1034 1163 1073 ’γενναία
1176 1034 1239 1075 ’γὰρ
1255 1033 1292 1065 εἴ·
1308 1035 1364 1075 ὅρα
1379 1035 1417 1066 δ’·

768 1077 832 1117 ε”γὼ
840 1077 902 1118 ’γὰρ
911 1077 1067 1117 βούλομαί
1079 1079 1108 1108 ο)
1122 1079 1310 1119 εὐεργετεῖν.
1321 1081 1418 1110 1432.

766 1122 898 1161 ’γενναῖα
919 1121 982 1161 *γὰρ
1003 1122 1137 1162 Φρονεῖς·
1159 1120 1192 1151 τί
1206 1121 1268 1163 ’γὰρ
1281 1121 1420 1159 τάληθὲς

769 1165 825 1196 οὐκ
841 1164 919 1196 εἴποι
934 1176 983 1195 τις
997 1164 1054 1203 ἆνς
1078 1165 1271 1195 Sclioliastes
1293 1165 1332 1195 ad
1359 1165 1418 1195 AE-

769 1208 868 1250 schyl.
904 1207 1055 1248 Choeph.
1086 1210 1160 1238 320.
1196 1206 1420 1249 προσθοδόμοις

767 1250 953 1293 Ἀτρείδαις]
984 1253 1050 1283 τοῖς
1076 1250 1229 1292 πρότερον
1263 1250 1420 1291 ἐσχηκόσι

770 1293 876 1334 δόμον.
892 1295 1017 1334 νῦνγὰρ
1033 1295 1099 1326 Οὔκ
1114 1294 1174 1326 εἶσὶ
1189 1294 1285 1333 δόμοι·
1301 1295 1420 1336 φροῦδα

770 1337 833 1379 ’γὰρ
855 1337 932 1369 τάδε
953 1339 1024 1376 ἤδη.
1070 1338 1173 1369 Vides
1194 1343 1334 1368 nostrum
1350 1348 1419 1368 ver-

772 1392 852 1420 sum,
868 1381 925 1412 sed
941 1382 984 1412 ita
999 1382 1142 1416 citatum,
1167 1385 1202 1411 nt
1216 1381 1248 1411 in
1266 1382 1349 1412 hunc
1365 1391 1421 1412 us·

771 1435 834 1466 que
850 1425 932 1455 diem
949 1425 1032 1455 inter
1051 1424 1234 1455 Scholiastae
1258 1425 1353 1454 verba
1374 1424 1422 1455 la·

770 1468 878 1498 tuerit.
922 1467 1019 1504 Quod
1041 1478 1115 1498 sane
1140 1477 1210 1497 cum
1231 1477 1294 1496 non
1313 1467 1422 1506 paucis

772 1511 844 1541 aliis
867 1511 1031 1549 poctarum
1056 1510 1237 1551 fragmentis
1260 1509 1422 1547 acciderit,

773 1553 844 1583 loca
859 1553 1004 1592 quaedam
1019 1554 1158 1583 iudicare
1170 1563 1274 1592 operae
1288 1552 1427 1593 pretium

774 1594 905 1625 sortasse
921 1595 1073 1625 videatur.
1117 1594 1206 1624 Nihil
1223 1595 1306 1624 enim
1324 1594 1424 1635 majus

777 1637 927 1667 habemus
943 1638 1026 1675 quod
1043 1647 1182 1677 agamus,
1207 1642 1239 1666 et
1258 1637 1321 1667 otio
1347 1638 1423 1668 frui-

778 1690 854 1709 mur.
900 1679 963 1708 Sed
977 1680 1158 1719 priusquam
1172 1679 1293 1709 alienos
1307 1690 1425 1711 errores

776 1722 964 1757 insectabor,
992 1722 1153 1762 praestabit
1181 1722 1309 1753 fortasse
1335 1733 1426 1754 meos

778 1765 943 1806 corrigere,
960 1775 998 1794 ne
1016 1765 1089 1794 mihi
1102 1765 1281 1795 vetusillud
1297 1766 1425 1797 cecina-

778 1812 848 1838 tur:
872 1806 910 1838 Τί
927 1807 1126 1848 τάλλότριον,
1146 1807 1284 1848 ἄνθρωπε
1303 1812 1424 1845 βασκα-

779 1851 910 1886 νώτατε,
935 1850 1041 1882 Κακὸν
1057 1851 1237 1892 ὀξυδερκεῖς,
1252 1852 1291 1883 τὸ
1306 1853 1331 1883 δ’
1344 1853 1425 1884 ἴδιον

776 1893 1004 1935 παραβλέπεις;
1030 1894 1068 1924 Ιι;ι
1085 1899 1159 1924 nota
1174 1895 1214 1925 ad
1230 1896 1336 1926 Orest.
1348 1900 1379 1928 5.
1390 1906 1426 1936 p.

778 1940 808 1967 5.
823 1939 884 1968 col.
900 1941 931 1968 1.
948 1938 968 1968 Ι.
985 1940 1016 1968 3.
1035 1937 1102 1978 [ed.
1120 1937 1219 1969 Lond.
1237 1941 1347 1981 1798]
1367 1940 1423 1977 de-

778 1981 873 2011 lenda
895 1986 967 2011 sunt
990 1991 1029 2011 ea
1050 1982 1156 2020 verba,
1179 1982 1241 2011 “in
1259 1992 1296 2012 eo
1312 1982 1427 2013 leviter

779 2033 896 2060 errans,
923 2024 1007 2065 quod
1032 2034 1051 2054 a
1079 2023 1138 2055 Καὶ
1166 2024 1330 2066 inciperet.
1355 2036 1428 2057 cum

778 2072 916 2108 putaret,
943 2068 1065 2107 opinor,
1096 2068 1136 2098 ὡς
1172 2078 1241 2098 esse
1271 2068 1430 2106 Athenaei,

780 2120 842 2140 non
867 2109 1083 2140 A1·cl1ilocl1i.''
1129 2110 1229 2141 Recte
1252 2111 1335 2142 enim
1360 2121 1427 2142 ver—

781 2164 849 2183 sum
872 2154 910 2183 ab
933 2153 986 2184 Ὦς
1009 2153 1121 2193 incipit
1141 2153 1319 2185 Bentleius.
1363 2154 1428 2185 Sed

780 2196 813 2226 in
828 2197 936 2227 eadem
953 2197 1060 2227 fabula
1074 2198 1167 2238 longe
1179 2197 1300 2237 gravius
1316 2207 1428 2238 pecca·

782 2244 846 2269 tum
857 2245 906 2269 est
916 2239 956 2269 ad
969 2250 1073 2270 versus
1084 2243 1158 2273 676.
1172 2243 1246 2271 677.
1263 2244 1338 2272 678.
1352 2243 1429 2272 679.

782 2282 963 2323 Redigendi
988 2283 1071 2312 enim
1096 2287 1168 2313 sunt
1196 2284 1235 2313 ad
1265 2284 1427 2324 vulgatum

782 2325 926 2356 ordinem
942 2324 969 2356 δ’
985 2324 1014 2356 α’
1029 2324 1062 2362 β’
1076 2324 1121 2364 γ’.
1167 2325 1204 2356 Ῐιι
1220 2328 1295 2357 676.
1313 2326 1426 2367 (679.)

781 2368 865 2410 παρὰ
878 2368 964 2399 edidi
976 2379 1031 2410 pro
1046 2368 1132 2409 πρὸς,
1148 2379 1211 2399 non
1224 2370 1317 2405 male,
1332 2374 1368 2400 ut
1380 2379 1427 2400 ai·-

781 2412 881 2442 bitror
899 2423 907 2450 3
945 2422 1051 2442 verum
1090 2412 1237 2443 lectorem
1275 2412 1427 2443 monitum

782 2455 954 2495 oportebat.
997 2455 1050 2485 Sin
1066 2455 1146 2485 forte
1161 2454 1305 2485 Clericus
1317 2455 1430 2495 aliquis

782 2499 833 2528 vel
854 2497 1007 2533 Pauwius,
1030 2499 1080 2528 vel
1097 2499 1175 2529 alius
1191 2498 1266 2527 milri
1284 2498 1429 2528 adversa-

783 2541 847 2571 rius
868 2541 1040 2581 obtigisset,
1063 2541 1151 2581 isque
1180 2541 1263 2570 hunc
1291 2550 1429 2572 errorem

785 2583 966 2618 detexisset,-
978 2588 1105 2623 quanta,
1120 2588 1224 2623 putas,
1239 2593 1309 2613 cum
1321 2583 1430 2613 verbo-

784 2637 848 2657 rum
862 2625 995 2657 lenitate
1009 2636 1060 2656 me
1072 2625 1251 2666 excepisset
1264 2625 1275 2656 ?
1310 2625 1431 2657 Verum
