1596 2824
500 85 671 118 INDEX
711 86 952 119 GRAECL‘S.

64 177 150 217 ὀρθὸς
167 178 206 208 de
221 180 320 209 oculis
335 179 421 210 Add.
437 183 500 211 (158

63 221 181 262 ὄρθριος
193 228 223 253 et
241 222 362 263 ὀρθρίως
378 224 504 254 confusa
520 227 584 256 979

62 263 210 304 ὀριβοίτης
223 270 285 297 204

62 307 142 347 ὄρνις
162 310 330 340 secundam
354 308 500 349 producit
522 311 604 351 apud
623 310 710 340 Aris—

105 353 273 392 tophanem
290 355 353 384 204

62 393 205 435 ὀρφανὸς,
221 396 241 433 ἡ
259 399 319 427 147

61 450 94 469 ος
110 445 174 469 eta
188 439 317 469 confusa
331 442 394 470 782

61 480 105 516 ὃς,
123 481 153 518 ἢ,
170 482 198 513 ὅ.
211 482 227 513 ὃ
244 486 297 514 13.
323 481 425 522 [Add.
445 481 597 512 thnlss.
616 485 709 513 1434.

103 524 120 554 ἢ
136 524 189 556 καί
203 537 250 556 νιν
265 525 388 565 ἔσφηλ’.
420 526 461 555 G.
480 526 525 556 H.
543 526 595 566 S.]
620 525 637 556 ἲ)
655 537 710 566 pro

105 569 142 598 δι’
158 569 175 599 ὃ
191 572 240 599 13.
255 568 274 600 ἃ
290 579 344 609 pro
361 568 396 599 δι’
413 567 433 599 ἃ
450 572 499 599 13.
517 567 536 599 ἃ
553 575 585 598 et
601 568 617 599 ’ὃ
634 579 709 599 0011-

103 611 170 641 fusa
186 615 261 643 984.
308 612 391 641 Usus
413 612 604 651 pronominis
621 612 653 644 ὃς
678 613 710 642 111

103 655 250 685 orationis
265 654 465 686 conversione
483 658 566 687 1179

61 698 137 728 ὅταν
151 699 281 729 subaud.
300 702 383 729 1010

61 741 114 771 ὅτε
145 748 216 782 post
244 740 322 777 οἶδα,
351 740 516 780 μέμνημαι,
544 753 605 773 etc.
638 746 710 774 109.

104 784 208 824 [Add.
244 785 469 827 1Yytt‘enbacli.
510 784 630 817 Annot.
672 785 711 816 ad

103 828 251 869 Tlxucyd.
268 839 299 868 p.
317 832 391 859 366.
437 829 475 858 In
492 828 713 870 Xenophontis

102 871 220 902 Histor.
244 871 300 902 Gr.
324 872 367 903 vi.
390 874 421 903 4.
447 875 477 902 5.
502 872 711 908 scribendum,

102 916 214 954 partim
252 914 338 945 libris
368 915 599 954 praecuntibus:
638 915 711 946 ἀνα-

102 957 331 996 μνησθήσονται
352 956 414 999 ’γάρ
437 969 505 994 σου,
533 959 582 989 καὶ
613 959 711 989 ὅτε-

103 1001 202 1030 -καὶ
221 1001 273 1030 ὅτε
286 1019 346 1024 ἢ»
361 1019 366 1021 >
383 1021 390 1029 .
435 1001 484 1028 Sic
501 1007 533 1029 et
555 1002 710 1038 κάτοιδεν,

105 1042 420 1084 ἦμος-8001100105
447 1041 521 1073 OEd.
544 1042 586 1073 R.
611 1047 708 1076 1134.

107 1087 150 1117 G.
165 1087 210 1117 H.
222 1086 273 1127 S.]

63 1129 121 1162 ὅτι.
145 1129 273 1161 vocalis
298 1130 331 1159 in
353 1128 401 1161 ὅτι
424 1139 441 1159 a
466 1127 605 1160 Cornicis
627 1139 707 1159 nun-

103 1183 197 1214 quam
220 1173 348 1203 eliditur
372 1174 445 1205 109.
492 1171 595 1212 [Elidi
616 1178 708 1212 puta-

103 1216 150 1246 vit
164 1217 340 1247 Bentleius.
356 1216 397 1247 V.
408 1214 542 1256 Epistol.
555 1215 596 1246 ad
612 1215 709 1246 Hem-

104 1261 200 1291 sterh.
220 1270 252 1300 p.
269 1263 322 1291 94.
368 1259 468 1291 Caute
490 1258 646 1289 Porsonus
669 1260 710 1290 de

105 1303 177 1333 solis
194 1303 331 1334 Cornicis
353 1302 509 1344 loquitur:
536 1308 570 1332 ut
588 1302 711 1343 epicam

103 1346 264 1387 particulae
290 1346 454 1377 elisionem
482 1344 632 1385 Tragicis‚
658 1346 712 1386 qui

103 1394 151 1420 tot
163 1389 253 1431 epica
262 1389 471 1423 adsciverunt,
484 1388 629 1419 videatur
643 1389 710 1419 liei-

104 1437 167 1463 tam
191 1433 348 1465 habuisse.
392 1432 433 1463 In
456 1431 498 1463 ὅθ’
515 1432 626 1463 οὕνεκα
641 1433 710 1472 qui-

104 1475 188 1512 dem,
218 1477 359 1507 omnibus
389 1475 545 1516 expensis,
572 1486 641 1516 quae
670 1477 710 1505 de

105 1520 279 1561 conjugatis
288 1520 335 1550 his
352 1519 513 1560 particulis
524 1528 625 1559 nuper
641 1529 710 1558 pro-

104 1563 168 1592 lata
183 1569 265 1604 sunt,
277 1564 454 1593 etiamnunc
476 1569 555 1602 puto
574 1561 617 1592 ὅθ’
633 1562 710 1592 1111111

105 1606 192 1636 aliud
207 1616 274 1637 esse
289 1617 381 1647 quam
397 1606 506 1637 elisum
525 1605 584 1636 ὅτι.
616 1605 709 1636 Conf.

104 1659 174 1690 quae
206 1650 380 1680 monuimus
403 1649 560 1680 Matthiae
589 1658 709 1688 egoque

64 1716 67 1719 .
103 1693 136 1722 in
162 1692 313 1722 Addend.
341 1694 378 1723 ad
405 1692 509 1722 Notas
526 1692 558 1722 in
586 1691 709 1722 Alcest.

105 1745 178 1776 pag.
194 1739 268 1767 507.
314 1735 448 1775 Reisigii
471 1735 550 1765 ratio
566 1746 707 1775 exprom-

106 1784 138 1809 ta
150 1781 183 1809 111
201 1779 343 1809 Enarrat.
354 1779 428 1810 OEd.
446 1778 517 1809 Col.
533 1788 566 1818 p.
582 1778 709 1810 cxxviii.

106 1822 177 1852 vide
200 1833 238 1853 ne
263 1822 405 1853 subtilior
421 1832 514 1864 quam
537 1822 638 1852 verior
660 1822 710 1852 sit.

107 1866 149 1896 G.
167 1866 212 1897 H.
226 1866 279 1906 52]

65 1921 109 1940 ου.
156 1908 206 1939 An
223 1921 239 1940 o
254 1909 292 1939 ab
308 1920 344 1939 ου
359 1908 436 1939 elidi
451 1908 550 1948 possit
565 1911 628 1939 728

64 1952 108 1983 οὐ.
154 1951 191 1981 In
215 1951 395 1992 hujusmodi
417 1951 628 1991 interrogandi
650 1949 711 1981 for-

108 1995 209 2031 mulis,
235 1996 337 2036 qualis
359 2001 407 2025 est
429 1993 497 2035 ἆρα,
522 1993 567 2033 ἆρ’
590 1995 637 2033 οὐ,
656 2005 712 2025 ne-

107 2044 230 2079 gantem
250 2039 436 2079 particulam
451 2038 574 2079 Tragici
591 2048 647 2078 pro
663 2049 711 2067 ar-

106 2082 196 2112 bitrio
212 2083 260 2112 vel
277 2081 408 2117 addunt,
430 2082 480 2111 vel
502 2081 650 2112 omittunt
672 2081 713 2111 vi.

108 2125 143 2155 οὐ
173 2125 214 2163 μὴ
247 2127 342 2156 1022.
386 2124 422 2154 οὐ
451 2131 483 2154 et
519 2123 555 2155 οὗ
584 2124 712 2155 confusa

107 2171 200 2199 1013.
246 2168 336 2208 Saepe
349 2168 600 2208 interrogativam
613 2177 711 2207 expu-

109 2211 146 2241 lit
158 2212 303 2251 negativa
318 2214 382 2242 296

67 2252 102 2284 οὗ
117 2259 148 2284 et
164 2254 199 2284 οὐ
214 2254 341 2284 confusa
358 2257 440 2285 1013

66 2297 127 2328 οὐδ’
142 2295 195 2333 εἷς,
212 2298 272 2328 οὐδ’
290 2296 334 2332 ἓν,
351 2297 459 2327 Attica
482 2295 639 2326 scribendi
661 2307 710 2325 ra-

109 2341 151 2371 tio
168 2341 249 2371 xxiV.
263 2351 330 2372 xxv⁶
369 2340 483 2380 [Aliud
500 2338 608 2375 οὐδεὶς,
625 2339 711 2369 aliud

109 2384 170 2414 οὐδ’
186 2382 227 2415 εἷς
243 2394 267 2415 S.
286 2382 355 2414 οὐδὲ
368 2382 421 2414 εἷς.
460 2383 542 2412 Illud
556 2388 605 2412 est
619 2387 626 2400 ‘
640 2383 710 2412 nul-

109 2427 178 2465 lus‚'
201 2428 258 2457 hoc
275 2432 334 2457 ‘ne
355 2436 436 2456 unus
458 2424 607 2465 quidem!
653 2425 710 2455 At-

110 2479 171 2510 que
185 2469 312 2505 fallitur,
328 2470 380 2510 qui
404 2469 502 2500 οὐδεὶς
525 2474 558 2498 et
578 2467 642 2498 οὐδ’
667 2467 710 2500 εἷς

109 2518 198 2553 putat
223 2513 289 2542 solo
319 2511 483 2547 scribendi,
516 2521 578 2541 non
615 2511 710 2541 etiam

110 2555 331 2595 pronuntiandi
345 2556 438 2585 modo
451 2554 574 2584 differre
585 2556 598 2584 ἑ
618 2555 710 2595 quip-

110 2608 149 2640 pe
170 2598 203 2630 in
229 2599 290 2631 οὐδ’
318 2597 361 2631 εἷς
382 2598 531 2639 posterior
554 2607 612 2628 vox
637 2602 709 2628 tono

1352 79 1409 122 93

800 182 933 213 acuitur.
980 181 1133 222 Idemque
1149 181 1267 212 dictum
1283 190 1350 214 esto
1368 186 1407 214 (10

797 224 904 261 μηδεὶς
937 230 970 255 et
1006 225 1075 262 μηδ’
1113 223 1156 257 εἷς
1185 234 1209 256 S.
1246 227 1322 264 μηδὲ
1353 227 1406 259 εἷς.

801 269 843 299 G.
862 268 907 299 H.
921 268 974 309 152]

756 312 866 342 οὔκουν
881 317 912 341 et
928 311 1040 342 οὐκοῦν
1054 311 1184 342 confusa
1202 314 1286 344 1230

755 352 849 395 οὗπερ
866 360 897 384 et
911 353 998 395 οἷπερ
1016 357 1099 385 1062

752 397 867 428 οὔποτε
883 403 915 427 et
930 398 1012 428 οὔπω
1028 398 1157 428 confusa
1172 398 1213 428 vii

753 440 978 481 οὐρείθρεπτος,
995 440 1192 482 οὐρίθρεπτος
1209 445 1269 473 204

754 484 864 523 οὔριος,
880 483 899 521 ἡ
915 487 978 515 888

753 524 819 557 οὗτι
835 527 877 565 μὴ
896 530 975 558 1021

755 571 856 601 οὕτος.
871 569 918 601 τίς
934 568 1025 601 οὗτος
1038 581 1109 600 cum
1122 570 1259 601 secunda
1273 581 1405 612 persona.

798 613 884 643 verbi
899 616 974 645 499.
998 613 1128 652 τουτογὶ
1153 624 1235 644 1111110
1260 615 1291 644 in
1308 614 1404 646 τοῦτό

796 667 847 695 γε,
878 667 961 687 nunc
989 657 1020 686 in
1048 658 1143 687 τοῦτο
1168 656 1200 687 τί
1227 664 1403 698 corruptum

800 702 894 730 1206.
916 698 1007 730 οὗτος
1023 706 1055 730 et
1078 700 1127 730 ὅδε
1150 700 1280 730 confusa
1302 702 1405 732 xxviii.

800 742 878 779 αὕτη
905 748 936 773 et
958 743 1037 780 αὐτὴ
1060 743 1188 773 confusa
1209 746 1284 774 493.
1313 742 1404 775 αὗται

798 792 829 816 et
845 785 935 817 αὐταὶ
949 786 1078 816 confusa
1091 787 1175 818 Add.
1192 790 1286 818 1030.
1308 788 1403 818 τοῦτο

797 835 830 859 et
851 829 952 859 ταῦτα
967 829 1098 860 confusa
1111 832 1175 860 984

754 871 835 903 οὕτω
851 878 882 903 et
898 871 955 903 ὧδε
971 873 1100 903 confusa
1114 873 1206 903 xxviii

1061 963 1099 990 11.

751 1044 796 1074 πᾶ
811 1043 888 1085 quid
902 1045 1057 1086 significet
1073 1048 1156 1077 1062

751 1086 853 1116 παίειν
870 1091 930 1118 115

750 1128 848 1159 πάλιν
863 1139 924 1159 non
941 1140 1007 1159 raro
1023 1130 1073 1159 vel
1096 1131 1248 1169 perditum
1264 1132 1314 1162 vel
1337 1141 1404 1163 cor-

795 1177 922 1212 ruptum
936 1173 1021 1203 Add.
1036 1175 1117 1204 1161

752 1215 935 1256 παλινδορῖα
950 1215 992 1245 xli

752 1257 834 1289 πάνυ
855 1269 913 1289 vox
927 1257 1069 1300 Tragicis
1091 1268 1155 1289 non
1175 1258 1267 1290 valde
1289 1260 1403 1292 usitata

753 1345 836 1384 παρὰ
851 1349 884 1375 et
899 1344 974 1385 πρὸς
989 1345 1118 1383 confusa
1134 1345 1225 1376 xxxix

753 1387 900 1428 πάρασχε
915 1392 979 1420 830

753 1430 855 1472 πατὴρ
885 1432 953 1462 sine
980 1432 1111 1463 articulo
1140 1433 1234 1465 xxvii.
1290 1433 1402 1473 [Valet

797 1474 827 1504 id
844 1475 884 1504 de
907 1475 1052 1506 omnibus
1066 1477 1193 1508 vocibus
1215 1477 1403 1518 consangui-

797 1518 929 1548 nitatem
948 1524 1002 1548 aut
1024 1519 1208 1550 affinitatem
1224 1520 1402 1561 significan-

797 1561 891 1591 tibus.
929 1561 1005 1592 Vid.
1033 1562 1146 1594 Melet.
1177 1563 1255 1594 crit.
1285 1574 1317 1604 p.
1348 1567 1402 1595 45.

797 1607 870 1635 116.
887 1614 913 1634 s.
930 1604 1034 1635 Etiam
1048 1606 1081 1635 in
1104 1607 1162 1641 his,
1177 1611 1212 1636 ut
1226 1606 1259 1636 111
1273 1612 1320 1636 tot
1335 1607 1402 1636 aliis

794 1648 897 1683 rebus,
911 1658 1030 1678 summa
1045 1653 1093 1678 est
1104 1648 1225 1680 Graecae
1235 1656 1404 1690 syntaxeos

794 1691 999 1731 congiuentia
1027 1702 1099 1722 cum
1130 1692 1329 1723 Germanica.
1358 1695 1402 1724 G.

795 1734 843 1764 H.
858 1734 911 1775 S.]

750 1774 878 1817 πάτριος
894 1783 924 1807 et
938 1779 1080 1817 πατρῷος
1096 1778 1245 1808 confusa
1245 1792 1253 1808 ι
1248 1781 1283 1807 'S

751 1821 904 1860 πατρῷος.
932 1820 984 1850 De
1006 1821 1180 1860 quantitate
1205 1820 1318 1851 mediae
1338 1822 1400 1863 syl-

796 1863 874 1894 labae
892 1864 922 1893 h.
938 1874 966 1893 v.
982 1867 1036 1895 78.
1057 1864 1199 1905 πατρῷος
1221 1870 1253 1894 et
1275 1862 1402 1904 πάτριος

796 1907 927 1936 confusa
942 1909 983 1938 78

753 1948 831 1988 πέρα
845 1953 907 1981 705

753 1991 832 2033 περί.
857 1993 1016 2034 ἔρχεσθαι,
1031 1998 1091 2024 etc.
1116 1993 1184 2035 περὶ
1208 1994 1401 2033 διαλλαγῶν,

798 2034 927 2076 εἰρήνης,
945 2043 1005 2067 etc.
1021 2035 1107 2068 Add.
1125 2040 1207 2069 1161

753 2079 923 2114 πετεεινὸς,
938 2079 1102 2111 πετεινὸς
1094 2091 1125 2110 ιν

753 2123 799 2163 πῇ
814 2128 846 2152 et
862 2123 917 2152 ποῖ
932 2122 1064 2153 confusa
1083 2126 1164 2155 1062

753 2165 880 2196 πίπτειν
895 2167 926 2196 ἐς
944 2168 1026 2196 1010

753 2208 864 2239 πιστὸς
878 2209 977 2238 active
995 2211 1075 2239 1117

753 2251 886 2288 πίτνειν,
901 2252 1020 2282 πιτνεΐν
1033 2254 1096 2282 274

754 2294 894 2329 πλαθεὶς,
909 2294 1061 2325 πλασθεὶς
1076 2297 1140 2325 878

754 2339 865 2369 πλεῖον
877 2348 949 2368 cum
964 2337 1174 2377 comparativo
1189 2340 1252 2368 618

754 2383 908 2412 πλεῖστον
923 2391 992 2410 cum
1005 2380 1194 2420 superlativo
1210 2383 1274 2411 618

754 2424 875 2465 πλευρὰ
890 2428 922 2453 et
936 2422 1071 2462 πλευρὸν
1084 2423 1210 2453 confusa
1224 2426 1287 2455 814

753 2469 806 2499 ποῖ
830 2472 949 2497 motum
970 2466 1090 2496 indicat
1112 2469 1208 2497 1062.
1254 2465 1305 2496 An
1331 2476 1401 2496 cum

797 2510 889 2540 verbo
914 2508 989 2540 εἶναι
1009 2509 1214 2550 conjungatur
1229 2511 1324 2540 1062.
1347 2511 1403 2540 ποῖ

798 2559 830 2584 et
854 2553 898 2594 πῇ
923 2552 1050 2583 confusa
1075 2554 1169 2583 1062.
1200 2553 1256 2583 ποῖ
1281 2558 1313 2583 et
1341 2553 1402 2583 ποῦ

797 2596 926 2628 confusa
943 2597 1025 2626 1062
