1565 2834
497 502 1074 570 ΜΗΔΕΙΑ.

115 810 228 881 Τξο.
258 809 357 861 Εἴθ’
367 807 525 875 οἵφελ
550 813 750 883 Ἀξγοῦς
776 836 841 881 μη
871 812 1153 866 διαπτάσθαι
1180 816 1367 882 σκάφος,
1418 845 1426 866 r
1453 850 1458 855 ·

166 960 193 988 1.
216 959 331 989 Totum
348 960 460 996 locuni,
475 964 511 990 ut
525 959 563 989 ab
577 959 678 990 Ennio
689 970 758 990 ver-

118 1010 172 1030 sus
188 1008 247 1037 est,
272 1002 470 1033 conservavit
491 1002 610 1032 Auctor
630 1003 669 1032 ad
693 1003 759 1033 He-

116 1045 263 1074 rennium
278 1046 309 1075 ii.
325 1048 377 1076 22.
392 1056 489 1085 prope
507 1051 608 1074 totum
624 1045 758 1075 Priscia-

116 1095 176 1116 nus
200 1087 238 1117 de
253 1088 395 1118 versibus
410 1088 538 1118 comicis
553 1098 583 1127 p.
599 1091 760 1119 1325.-15.

118 1134 125 1145 ¹
143 1129 271 1160 Utinam
286 1141 325 1160 ne
341 1131 372 1160 in
390 1141 517 1160 nemore
535 1130 624 1160 Pelio
640 1131 757 1161 securi-

116 1171 175 1201 bus
198 1172 289 1203 Caesa
310 1174 479 1203 accidisset
493 1173 625 1213 abiegna
640 1175 678 1203 ad
695 1178 758 1204 ter-

115 1224 182 1244 ram
198 1217 319 1253 trabes3
344 1217 434 1246 Neve
450 1215 522 1245 inde
538 1216 629 1245 navis
650 1217 756 1246 incho-

114 1257 204 1287 andae
220 1259 381 1288 exordium
398 1258 566 1299 Ciepisset,
588 1269 657 1298 qnae
674 1270 757 1289 nunc

115 1300 295 1331 nominatur
317 1302 442 1331 nomine
468 1301 566 1341 Arg0,
588 1311 650 1341 qna
673 1302 756 1331 vecti

112 1342 225 1383 Argivi
253 1344 370 1374 delecti
400 1344 455 1374 viri
486 1345 643 1373 Petebant
670 1344 755 1374 illam

112 1387 228 1424 pellem
242 1387 411 1417 inauratam
428 1387 533 1416 an'etis
544 1386 684 1421 Colchis,
698 1387 756 1416 im-

115 1429 204 1467 perio
219 1430 300 1469 regis
318 1430 425 1464 Peliae,
449 1439 505 1469 per
515 1429 646 1459 dolum:
674 1429 756 1459 Nam

113 1481 276 1512 nunquam
293 1473 367 1502 hera
381 1482 486 1501 errans
501 1482 572 1502 mea
593 1472 686 1502 domo
710 1473 756 1502 ef-

111 1513 208 1544 ferret
230 1514 355 1555 pedem,
380 1514 509 1549 Medea,
533 1515 638 1544 animo
661 1525 754 1554 aegra,

114 1566 218 1587 amore
227 1568 312 1587 saevo
322 1557 440 1587 saucia.
443 1556 450 1568 ⁷
474 1557 556 1597 <Ubi
572 1560 580 1575 ‘
591 1557 753 1597 Cepisset'

112 1599 222 1647 legunt
234 1600 282 1630 NI.
296 1601 336 1629 A.
351 1600 496 1630 Muretus
509 1600 547 1629 ad
560 1599 677 1630 Catull.
692 1600 753 1630 lxv.

113 1641 182 1672 init.
209 1648 242 1673 et
268 1643 309 1672 Π.
335 1644 511 1683 Stephanus
541 1643 667 1682 F1·.agm
691 1648 755 1673 v.et

113 1684 208 1716 Ροὲε.
223 1686 293 1716 Lat.
310 1697 341 1726 p.
359 1688 433 1717 118.
469 1685 530 1715 Sed
546 1685 644 1716 altera
659 1686 753 1716 lectio

110 1727 240 1758 fortasse
257 1727 383 1758 defendi
399 1727 534 1768 potest.)

154 1772 349 1802 διαπτᾶσθαι.
381 1771 431 1801 Sic
456 1771 616 1811 pleraeque
642 1770 753 1800 editio-

110 1823 169 1843 nes
192 1819 257 1843 tam
279 1814 391 1848 nostri,
415 1824 508 1853 quam
532 1813 753 1853 Atistophanis

110 1855 196 1888 Ran.
215 1860 307 1888 1429.
333 1856 447 1886 Verum
460 1862 526 1886 tum
538 1856 674 1886 debebat
684 1865 753 1886 esse

109 1899 252 1934 verbum,
269 1897 416 1937 πτάομαι,
433 1901 565 1936 πτῶμαι,
582 1898 667 1938 quod
681 1899 752 1928 nul-

109 1942 175 1971 lum
204 1947 263 1972 est.
308 1941 409 1972 Attici
434 1941 519 1971 enim
543 1942 576 1970 in
605 1942 753 1980 praesenti

110 1984 263 2014 adhibent
276 1984 420 2021 πέτομαι,
429 1983 576 2024 πέταμαι,
591 1984 625 2013 in
638 1983 751 2014 aoristo

110 2026 259 2065 ἐπτόμην,
283 2026 432 2065 ἐπτοίμην,
455 2036 588 2067 quorum
605 2026 691 2066 prius
707 2026 752 2057 ita

109 2069 339 2109 praeferendum
349 2070 469 2111 judico,
487 2075 521 2098 ut
536 2074 644 2099 contra
661 2069 750 2098 libro-

110 2123 177 2142 rum
192 2117 297 2143 tamen
310 2122 491 2143 consensum
508 2112 586 2141 nihil
602 2116 752 2142 mutetur.

111 2154 214 2185 Recte
223 2156 317 2195 igitur
323 2153 500 2192 ἆνεπτόμαν
506 2154 607 2184 edidit
614 2154 751 2185 Brunck-

109 2198 157 2227 ius
182 2198 214 2227 in
234 2198 382 2237 Sophocl.
405 2197 455 2238 Aj.
471 2199 545 2227 693.
568 2196 637 2236 (ubi
656 2196 749 2227 ἀνεπ-

109 2239 209 2279 τόμην
231 2241 319 2271 Suid.
342 2241 405 2270 Ms.
422 2240 458 2269 (J.
474 2239 511 2269 C.
527 2239 565 2268 C.
580 2239 641 2268 Ox.
661 2239 693 2268 in
720 2250 750 2269 v.

111 2282 246 2323 ἔφριξα.)
271 2284 352 2313 male
374 2280 570 2322 προσέπτετο
586 2281 661 2312 ibid.
677 2285 750 2313 282.

110 2326 179 2365 [ubi
196 2337 224 2355 V.
241 2326 377 2355 Lobcck.
400 2335 432 2365 p.
453 2327 528 2355 ⁶262.
551 2334 644 2362 quem
668 2323 750 2365 fugit

109 2369 177 2398 haec
203 2374 277 2397 nota
302 2367 446 2398 Porsoni.
482 2366 524 2396 G.
548 2366 595 2397 H.
621 2366 673 2406 S.]
710 2367 748 2397 ln

109 2410 275 2450 Aristoph.
303 2410 365 2441 Av.
390 2412 464 2440 118.
486 2413 573 2438 recte
602 2408 749 2446 Beckius,

111 2453 172 2484 Καὶ
187 2453 248 2492 ’γῆν
264 2451 398 2483 ἐπέπτου
413 2450 463 2482 καὶ
478 2451 666 2481 eduma-ww
651 2463 685 2482 εν
698 2451 750 2482 κύ-

111 2501 188 2535 um,
202 2500 288 2526 recte
303 2495 399 2525 eiiam
414 2492 590 2523 Brunckius
603 2496 682 2524 789.
702 2495 752 2525 ἐκ·

112 2537 276 2576 πτάμενος,
299 2543 334 2567 ut
349 2547 367 2566 e
381 2536 446 2566 ΜΒ.
465 2535 547 2565 RaV.
559 2534 691 2566 edidisse
708 2537 752 2566 vi-

113 2580 205 2610 detur
219 2576 591 2615 invernizius.“1maiiaa
608 2588 680 2608 vero
693 2578 754 2609 At-

112 2622 186 2653 ticis
210 2622 318 2662 opinor
344 2630 470 2661 prorsus
492 2619 591 2649 fuisse
613 2619 755 2669 incogni-

113 2670 193 2696 tum.
215 2665 385 2705 Nunquam
401 2673 475 2693 sane.
488 2661 640 2693 occurrit·
633 2672 664 2693 in
675 2674 757 2705 proe-

805 961 909 997 senti;
935 961 1102 1001 aliquoties
1123 961 1157 991 in
1180 961 1376 1001 imperfecto,
1393 960 1447 991 sed

803 1003 858 1032 ubi
885 1004 988 1043 aptius
1013 1003 1217 1044 responderet
1241 1004 1387 1043 antistas,
1414 1008 1450 1032 ut

802 1045 873 1085 Iph.
902 1046 945 1077 A.
984 1050 1077 1078 1017.
1113 1046 1284 1085 ἀφίπτατο.
1322 1045 1450 1086 Polyid.

802 1088 913 1129 fragm.
950 1089 1034 1130 apud
1065 1089 1276 1120 Valckenaer.
1310 1088 1448 1119 Diatrib.

802 1141 874 1171 pag.
905 1134 980 1163 201.
1005 1132 1061 1162 ubi
1090 1132 1226 1172 primum
1252 1136 1302 1161 est
1321 1131 1447 1166 ἵπτατο,

801 1184 871 1203 mox
903 1173 1031 1206 ἔπτατο.
1075 1174 1113 1204 In
1144 1174 1216 1214 Iph.
1243 1173 1285 1204 A.
1311 1177 1385 1205 801.
1409 1175 1450 1204 ὡς

802 1215 897 1256 ἔτυχε
922 1216 994 1253 Λήδ’
1022 1215 1111 1257 ὄρνιθ’
1140 1215 1307 1256 ἱπταμένῳ,
1338 1217 1447 1247 literas

800 1260 882 1289 male
893 1260 1007 1290 divisas
1017 1260 1096 1290 vidit
1103 1259 1320 1290 Marklandus.
1344 1259 1444 1299 Lege,

801 1302 841 1332 ὡς
864 1302 976 1341 ἔτυχεν
1001 1302 1085 1338 Λήδα
1099 1302 1240 1340 μιχθεῖσ’
1259 1300 1351 1343 ὄρνιθι
1365 1314 1444 1333 πτα-

798 1343 890 1383 μένῳ.
936 1347 1037 1380 Quam
1053 1346 1145 1375 facile
1162 1350 1268 1374 autem
1283 1345 1349 1375 haec
1373 1356 1443 1386 per-

801 1393 968 1423 mutentur,
991 1389 1141 1427 exemplis
1162 1387 1293 1427 patebit.
1338 1386 1444 1419 Recte

799 1430 902 1460 editur
925 1430 1041 1460 Electr.
1067 1433 1142 1462 949.
1172 1429 1314 1468 ἐξέπτατ’
1339 1431 1442 1467 οἴκων,

799 1473 851 1501 sed
876 1473 990 1502 Sextus
1004 1473 1183 1512 Empiricus
1198 1473 1268 1503 adv.
1284 1473 1443 1504 Mathem.

799 1515 841 1544 xi.
857 1519 910 1545 51.
925 1515 1019 1545 habet
1035 1514 1172 1554 ἐξίπτατ’
1188 1515 1291 1546 οικων.
1326 1516 1442 1547 Confer

800 1557 861 1588 Av.
889 1561 942 1589 35.
969 1569 1041 1588 cum
1064 1558 1152 1588 Suid.
1176 1569 1205 1588 v.
1224 1558 1350 1598 ἀμφοῖν.
1376 1559 1444 1600 Op-

799 1600 873 1630 time
890 1600 980 1631 dedit
995 1599 1180 1632 διαπτάσθαι
1196 1600 1365 1637 Kustems‚
1389 1603 1443 1633 cui

798 1643 953 1673 accedunt
976 1644 1118 1673 Las-caris
1143 1648 1175 1673 et
1193 1643 1378 1674 Eustathius
1399 1645 1441 1675 ad

799 1684 838 1715 Il.
855 1690 893 1715 Δ.
912 1697 940 1725 p.
953 1690 1027 1717 452.
1043 1688 1204 1718 33:344.
1227 1689 1280 1718 25.
1305 1691 1339 1717 Ε.
1365 1690 1442 1719 526.

798 1728 976 1760 ult.:399.
1003 1731 1035 1759 4.
1061 1729 1123 1759 Od.
1136 1732 1177 1760 A.
1192 1732 1285 1761 1419.
1300 1732 1442 1762 49:59.

797 1773 849 1801 38.
893 1771 1042 1802 Similiter
1056 1772 1200 1802 errabant
1212 1770 1441 1803 Grammatico-

795 1823 864 1842 rum
886 1820 1026 1844 veterum
1050 1814 1205 1850 nonnulli,
1230 1825 1300 1845 cum
1324 1814 1443 1853 φάσθαι

797 1856 881 1895 apud
890 1857 1060 1887 Homerum
1067 1868 1303 1897 προπερισπαστ
1309 1857 1358 1889 έον
1366 1870 1442 1890 con-

795 1899 977 1930 ttndebant.
1021 1899 1089 1940 [De
1108 1900 1207 1930 simili
1222 1910 1322 1931 errore
1338 1902 1368 1931 in
1385 1912 1437 1932 ac-

796 1948 889 1971 centu
914 1942 1060 1973 infinitivi
1088 1941 1247 1982 πεφάσθαι
1271 1954 1302 1974 ν.
1328 1943 1397 1986 ΗΘ)
1396 1956 1439 1976 ’.η

796 1983 837 2012 ad
861 1985 992 2015 Homeri
1017 1985 1056 2015 ΙΙ.
1071 1985 1107 2014 Τ.
1124 1985 1165 2016 vi.
1181 1995 1214 2025 Ρ.
1229 1988 1304 2017 611.
1329 1988 1372 2018 G.
1389 1988 1437 2019 H.

796 2026 832 2056 S.
837 2027 849 2066 ]
874 2027 913 2057 In
923 2027 1244 2069 SophocleiThyestae
1256 2039 1340 2059 versu
1353 2031 1436 2070 apud

795 2069 899 2099 Scliol.
914 2070 954 2100 ad
969 2070 1125 2101 Phoeniss.
1140 2073 1216 2102 235.
1237 2071 1351 2112 ubique
1368 2074 1439 2103 edi-

795 2115 845 2142 tur
868 2112 1086 2153 κᾶνακιρνᾶται
1103 2114 1253 2144 mendose
1268 2124 1327 2154 pro
1343 2115 1437 2147 κάνα-

794 2153 943 2194 κῖρναται.
987 2156 1071 2186 Ecce
1087 2161 1192 2186 notam
1207 2156 1288 2186 bene
1312 2158 1439 2208 longam

795 2199 834 2226 de
860 2208 904 2233 re,
927 2198 953 2227 si
979 2198 1048 2238 quis
1071 2199 1116 2229 ita
1139 2198 1228 2234 velit,
1249 2209 1314 2229 non
1329 2202 1436 2242 magni

794 2241 958 2270 momenti.
988 2241 1035 2270 Ac
1050 2245 1193 2280 poteram
1205 2246 1238 2271 et
1252 2242 1350 2272 labori
1366 2254 1437 2284 par-

794 2292 878 2318 cere,
904 2288 936 2312 et
959 2283 1058 2322 quieti
1085 2294 1160 2314 ineae
1175 2284 1307 2315 fortasse
1320 2295 1435 2317 consu-

793 2325 857 2354 lere
880 2330 979 2355 totam
997 2325 1186 2357 omittendo.
1232 2327 1337 2358 Video
1352 2330 1437 2360 enim

794 2376 812 2397 a
826 2368 998 2403 nonnullis,
1013 2368 1140 2407 optimis
1152 2368 1278 2409 quidem
1290 2370 1366 2409 illis,
1380 2373 1436 2402 sed

792 2419 851 2439 nec
867 2410 943 2439 satis
958 2410 1088 2440 eruditis
1101 2416 1134 2440 et
1148 2412 1256 2451 paullo
1279 2412 1437 2444 iracundi-

795 2452 901 2481 oribus
916 2451 985 2481 viris
1000 2462 1126 2482 omnem
1140 2458 1326 2484 accentuum
1340 2457 1437 2487 ratio-

795 2504 869 2524 nem
896 2493 1060 2534 despicatu
1090 2495 1206 2525 haberi.
1264 2497 1385 2528 Verum
1415 2499 1439 2529 ii

798 2542 883 2572 sunt,
899 2538 1021 2576 opinor,
1046 2542 1138 2567 aetate
1148 2537 1215 2578 jam
1231 2541 1440 2578 provectiores

797 2589 892 2619 quam
915 2584 949 2608 ut
972 2588 990 2608 a
1012 2588 1062 2608 me
1088 2580 1139 2609 vel
1162 2580 1330 2629 quicquam
1352 2585 1440 2623 pravi

800 2621 934 2651 dedocez‘
931 2627 1021 2655 ntur,
1046 2622 1095 2651 vel
1110 2623 1186 2652 recti
1203 2623 1369 2664 quicquam
1382 2627 1438 2656 ad-

801 2664 933 2695 discant.
956 2663 1023 2694 Vos
1036 2668 1151 2701 autem,
1168 2675 1439 2704 ADoLEscznrzs,
