1565 2834
511 79 681 110 INDEX
721 79 967 112 GRAECUS.

79 184 165 224 ἀνήρ.
183 184 297 226 ἀνδρῶν
312 193 345 218 et
361 187 464 220 ἀστῶν
480 190 609 220 confusa
623 193 684 223 298

77 227 227 267 ἀντηχεῖν
242 233 304 260 426

78 270 308 310 ἀντιλάζεσθαι,
327 273 547 314 ἀντιλάζυσθαι
565 279 646 307 1213

77 313 255 345 ἀντιτείνειν
266 323 297 346 et
313 317 478 349 ἀντιτῖνειν
490 319 619 349 confusa
633 322 695 351 887

76 355 138 387 ἅνω
151 361 308 397 ποταμῶν,
326 365 386 391 etc.
398 364 459 392 411

76 399 232 438 ἀνώμοτος
247 408 279 431 et
294 404 447 443 ἐνώμοτος
462 404 592 434 confusa
606 408 667 435 735

76 442 248 484 ἀπαλλαγὴ
264 451 296 475 et
311 446 493 487 ἀποστροφὴ
509 448 638 478 confusa
654 451 715 479 795

75 485 134 516 ἀπὸ
150 492 182 516 et
198 488 275 527 ἀμφὶ
292 491 421 520 confusa
432 494 495 522 219

74 528 254 569 ἀπόρθητος.
304 532 356 561 De
371 534 521 564 feminino
538 534 568 563 h.
587 545 614 565 v.
631 537 695 565 822

74 571 250 610 ἀποσβῆναι
268 577 348 606 1215

73 615 257 656 ἀποστροφὴ
272 623 303 646 et
319 618 491 658 ἀπαλλαγὴ
506 620 637 650 confusa
651 623 713 651 795

73 657 183 689 ἅπτειν
198 666 231 689 et
244 660 333 699 ἄγειν
347 663 478 693 confusa
495 665 578 695 1379

72 701 191 732 ἄπωθεν
206 709 236 732 et
251 703 410 743 πρόσωθεν
424 706 551 735 confusa
569 708 630 736 139

71 743 129 783 ἄρα
144 746 300 784 γνωμικὸν
315 751 390 779 573.
414 748 473 789 ἄρα
484 754 517 778 et
531 748 570 778 ἂν
585 748 715 778 confusa

112 790 187 818 937.
215 788 273 828 ἄρα
310 796 342 819 et
378 791 440 830 ’γὰρ
473 792 602 821 confusa
639 795 713 822 573.

115 830 225 870 [Cous.
236 838 303 863 not.
315 833 353 862 ad
371 833 482 864 Phoen.
500 835 610 875 1366.]
628 835 653 864 δ’
669 833 714 874 ἄρ’

114 878 146 902 et
161 873 222 912 ’γὰρ
234 876 364 906 confusa
379 880 439 907 122

68 915 173 954 ἀραῖος
187 920 251 947 608

68 958 171 998 ἄραρε,
188 958 280 1001 ἄρηρε
297 963 370 993 323.
383 964 459 993 413.
475 965 537 993 743

68 1001 222 1042 ἀραρότως
241 1006 323 1034 1189

67 1044 172 1084 ἀργός.
198 1046 249 1076 De
264 1046 416 1078 feminino
432 1048 463 1077 h.
477 1058 504 1077 v.
519 1050 580 1079 139

67 1086 169 1128 ἅρηρε.
187 1088 229 1119 V.
246 1089 338 1129 ἄραρε

67 1129 218 1171 ἀριστεύς.
254 1132 361 1172 ἄνδρες
389 1132 524 1172 ἀριστεῖς
552 1136 584 1163 5.
627 1133 710 1164 Con·

109 1173 216 1204 fusum
231 1185 302 1205 cum
321 1174 445 1215 ἄριστος
460 1179 491 1205 5.
535 1176 627 1216 Saepe
642 1185 708 1207 cor-

107 1222 235 1257 ruptum
251 1221 269 1248 5

65 1258 191 1298 ἄριστος
205 1260 371 1291 confusum
386 1271 457 1291 cum
471 1260 614 1301 ἀριστεὺς
624 1264 642 1292 5

64 1301 127 1339 ἅση
153 1305 227 1334 247.
251 1302 313 1340 ἅση
337 1308 370 1333 et
395 1303 455 1340 ἄτη
481 1304 612 1334 confusa
633 1306 708 1336 247.

109 1344 173 1382 ἄση
189 1350 221 1375 et
235 1345 334 1385 χᾴλος
348 1346 477 1377 confusa
491 1349 553 1377 247

64 1386 177 1427 ᾅσσειν
192 1391 234 1419 76

64 1430 196 1468 ἀστίτης
210 1433 273 1462 494

64 1471 170 1504 ἀστός.
187 1473 292 1504 ἀστῶν
304 1479 337 1503 et
350 1472 466 1513 ἀνδρῶν
478 1475 607 1505 confusa
621 1479 685 1507 298

63 1514 241 1556 ἀσύμφορος
257 1521 289 1546 et
303 1516 488 1556 ἀσύμφωνος
501 1517 630 1548 confusa
644 1521 708 1549 139

63 1557 302 1598 ἀσφαλέστερος
323 1566 357 1589 et
371 1559 617 1601 ἀσφαλέστατος
632 1571 706 1591 con—

107 1602 177 1632 fusa
190 1605 252 1633 741

64 1644 249 1685 ἀταύρωτος.
272 1644 323 1675 De
339 1644 488 1675 feminino
504 1647 535 1676 h.
551 1657 582 1677 v,
599 1649 663 1678 822

64 1686 204 1719 ἄτεκνος.
229 1688 281 1718 De
297 1688 474 1728 quantitate
490 1690 524 1719 h.
540 1700 570 1719 v.
585 1692 669 1721 1090

64 1729 124 1768 ἄτη
139 1736 171 1761 et
186 1730 249 1768 ἄση
261 1731 391 1761 confusa
407 1733 468 1762 247

65 1771 103 1803 αὖ
119 1779 150 1803 et
167 1772 221 1805 οὖν
233 1774 361 1804 confusa
375 1777 450 1805 307.
467 1777 540 1805 340.
563 1774 588 1805 δ’
613 1772 652 1805 αὖ
674 1780 706 1805 et

105 1816 142 1853 δὴ
158 1817 285 1847 confusa
302 1820 383 1847 1008

63 1858 166 1891 αὐτός.
189 1859 266 1891 αὐτὸ
282 1864 313 1889 et
328 1858 407 1890 αὐτὰ
421 1859 549 1890 confusa
562 1863 637 1891 532.
652 1861 706 1891 αὒ-

107 1901 160 1933 τὺς
181 1908 214 1933 et
236 1900 325 1933 οὗτος
344 1902 476 1932 confusa
497 1905 573 1933 918.
594 1903 706 1939 ταύτὸ,

106 1945 234 1986 ταύτὸν,
258 1943 367 1980 ταυτὸ,
392 1944 507 1976 ταυτὸν
530 1948 605 1976 477.
630 1949 704 1977 564.

107 1987 215 2024 αὐτοῦ,
238 1993 300 2019 etc.
324 1992 358 2017 et
380 1989 487 2029 αὑτοῦ,
502 1992 563 2018 ete.
578 1989 705 2019 confusa

62 2072 236 2113 ἀφίπταμαι
256 2076 271 2103 1

64 2115 226 2156 ἀφίστημι.
248 2114 371 2151 ἀπέστη
388 2120 420 2145 et
435 2114 561 2151 ἀπέσβη
577 2115 706 2145 confusa

63 2200 216 2241 ἀφύσσειν
230 2203 294 2232 832

63 2244 195 2284 ἀψευδὴς
210 2250 243 2274 et
258 2245 293 2274 οὐ
306 2243 418 2283 ψευδὴς
433 2243 563 2273 confusa
578 2246 638 2274 355

364 2372 398 2398 Β.

62 2450 189 2487 βαλβίς.
211 2451 263 2481 De
279 2450 454 2490 quantitate
470 2450 501 2479 h.
515 2460 546 2479 v-
563 2452 646 2480 1240

62 2494 206 2530 βάλλειν.
251 2493 464 2534 βληθήσομαι,
502 2490 703 2531 βεβἏήσομαι

61 2540 192 2615 βέξὲιῖν
216 2584 249 2609 et
272 2578 444 2616 βέλτιστον
472 2578 603 2608 confusa.
627 2580 702 2609 543.

103 2621 232 2657 βέλτιον
247 2628 279 2652 et
293 2620 423 2653 κάλλιον
438 2621 566 2652 confusa
582 2623 643 2652 543

1350 69 1408 111 93

762 190 843 229 βίος,
859 189 922 226 βίυι
939 193 1000 221 139

763 234 866 271 βωμὸς
889 233 928 263 de
952 233 1153 275 jurejurando
1184 243 1238 274 per
1263 233 1404 264 victimas

806 280 844 308 21

1064 406 1094 432 Γ.

759 486 834 524 ’γαῖα
847 488 866 516 7
869 488 910 516 34

759 529 882 568 γαμεῖν,
898 529 1064 567 ’γαμεῖσθαι
1076 530 1139 560 264

759 573 960 610 Ὑαμμοειδῶς.
981 572 1018 603 V.
1034 583 1060 602 s.
1076 584 1104 602 v.
1121 570 1220 609 σι”γμα

759 614 820 655 ’γὰρ
842 615 923 644 intra
935 615 1071 654 spatium
1087 625 1216 655 parvum
1232 615 1400 654 repetitum

805 661 876 688 139.
892 657 953 697 ’γὰρ
967 656 1021 688 οὖν
1036 662 1110 688 585.
1134 657 1194 697 ’γὰρ
1211 663 1242 686 et
1253 657 1311 698 ἄρα
1325 669 1400 689 con-

802 700 873 730 fusa
888 704 960 731 573.
995 700 1107 740 [Conf.
1137 706 1202 730 not.
1224 701 1262 730 ad
1289 701 1402 732 Phoen.

803 744 915 784 1306]
939 742 1000 784 ’γὰρ
1016 750 1046 773 et
1065 742 1097 774 δὲ
1113 743 1243 773 confusa
1258 747 1309 775 34.
1327 747 1400 776 139.

802 789 895 817 1083.
908 786 968 825 ’γὰρ
982 791 1013 816 et
1027 785 1083 824 μὲν
1096 786 1227 817 confusa
1246 790 1315 818 139.
1337 787 1399 827 ’γὰρ

801 834 834 858 et
847 830 878 868 γ’
895 829 932 859 ἂν
947 830 1079 860 confusa
1093 834 1167 861 588-
1182 829 1244 868 γὰρ
1259 836 1290 859 et
1305 831 1330 860 δ’
1353 830 1399 870 ἄρ’

799 872 930 902 confusa
947 876 1007 903 122

754 915 873 951 ’γαῦλος
887 916 925 945 de
939 916 1053 955 poculo
1070 918 1129 946 137

755 966 794 995 ’γε
810 958 1004 998 duplicatum
1020 960 1095 988 863.
1130 957 1246 988 Atticis
1271 968 1333 987 non
1361 958 1398 988 li-

799 1001 863 1030 cuit
887 1011 926 1039 ’γε
951 1005 1022 1041 post
1044 1012 1092 1031 τοι
1113 1011 1241 1041 ponere,
1258 1001 1319 1030 nisi
1335 1001 1397 1030 alio

799 1043 949 1073 vocabulo
978 1043 1143 1084 interjecto
1172 1047 1246 1074 675.
1279 1042 1396 1082 δὲ-Ύε

798 1088 872 1116 814.
891 1086 933 1125 '7⁶'
954 1098 991 1116 τε
1016 1096 1177 1126 nunquam
1199 1086 1396 1126 conjungunt

799 1127 901 1158 Attici
916 1132 989 1160 863.
1004 1128 1046 1167 ’γε’
1057 1140 1105 1159 τοι
1121 1131 1195 1159 863.
1217 1128 1274 1167 μέν
1293 1140 1333 1167 ’γε
1349 1140 1396 1159 ra-

797 1170 920 1201 rissime
929 1182 946 1200 a
954 1171 1095 1211 Tragicis
1103 1172 1292 1211 copulantur
1303 1174 1397 1204 1090.

797 1212 833 1244 δέ
853 1224 904 1253 γε,
926 1213 1053 1253 δὲ-γε,
1068 1215 1140 1244 vide
1156 1213 1200 1245 δέ.
1214 1224 1253 1252 ’γε
1268 1225 1285 1244 a
1301 1214 1395 1245 libra-

797 1256 851 1286 riis
863 1257 1009 1287 omissum
1024 1259 1098 1288 814.
1114 1260 1210 1288 1370.
1226 1259 1322 1288 1395.
1339 1257 1394 1286 ad-

795 1299 897 1330 ditum
912 1303 1006 1331 1059.
1026 1310 1066 1338 ‘ye
1082 1304 1115 1329 et
1128 1299 1161 1331 δὲ
1176 1300 1307 1331 confusa
1321 1302 1396 1331 319,

797 1345 891 1374 1372.
913 1353 953 1381 ’γε
974 1347 1006 1372 et
1020 1353 1059 1373 σε
1073 1343 1204 1373 confusa
1217 1345 1292 1374 867.
1307 1353 1347 1381 ’γε
1362 1348 1395 1372 et

794 1396 831 1415 τε
860 1386 991 1416 confusa
1012 1388 1087 1417 122.
1113 1388 1189 1417 255.
1217 1388 1292 1427 510.
1321 1388 1396 1417 949.

751 1472 806 1510 Ὺῆ.
820 1471 880 1509 ’γῆς
894 1477 926 1501 et
941 1470 1001 1510 ζῶν
1014 1470 1144 1501 confusa
1157 1473 1222 1503 749

751 1513 927 1554 γίγνεσθαι,
949 1513 1091 1552 ’γίνεσθαι
1115 1516 1167 1545 84.
1193 1515 1338 1552 ‘ymarus
1360 1519 1393 1544 et

793 1557 967 1596 γεγονότας
980 1556 1111 1586 confusa
1124 1559 1188 1588 218

751 1599 948 1638 γιγνώσκειν,
960 1599 1124 1638 ’γινώσκειν
1134 1602 1186 1630 84.
1199 1598 1392 1637 ἐγνωσμένος

794 1648 827 1673 et
841 1641 1041 1682 εἰργασμένος
1055 1642 1185 1672 confusa
1199 1644 1264 1674 776

749 1691 806 1724 Ὑλ.
842 1685 952 1716 Canon
979 1684 1121 1721 Dawesii,
1146 1685 1311 1716 chronicus
1335 1685 1393 1714 has

793 1727 914 1758 litteras
930 1733 1076 1767 spectans
1092 1731 1154 1759 294

750 1773 886 1809 γλῶσσα
901 1775 934 1801 et
948 1770 1020 1809 δόξα
1034 1771 1163 1801 confusa
1177 1773 1240 1802 295

749 1813 886 1853 γναθμὸς
901 1816 984 1845 1198

749 1856 922 1898 γοργωπὸς,
936 1856 1067 1898 ’γορὙὼψ
1083 1858 1165 1887 1363

749 1899 869 1938 ’γούνων
883 1904 915 1930 et
928 1899 1071 1939 γονάτων
1084 1901 1146 1930 325

750 1941 840 1980 γυνή.
864 1942 1037 1982 Singularis
1052 1943 1082 1973 h.
1097 1953 1126 1974 v.
1143 1951 1199 1983 pro
1210 1941 1322 1982 plurali
1333 1951 1389 1982 po-

793 1986 872 2015 situs
887 1988 971 2016 1022

1050 2113 1089 2139 Δ.

751 2190 801 2222 δαῒ
829 2194 903 2223 897.
947 2190 999 2221 An
1032 2191 1172 2231 Tragicis
1207 2197 1391 2232 usurpatum

796 2237 889 2265 1008.
910 2233 960 2264 δαὶ
982 2238 1015 2264 et
1029 2233 1062 2265 δὲ
1083 2234 1214 2264 confusa
1229 2238 1324 2266 1008.
1341 2234 1389 2266 δαὶ

792 2283 826 2307 et
839 2277 876 2314 δὴ
890 2277 1020 2307 confusa
1035 2279 1118 2308 1008

750 2319 900 2360 δακρύειν.
929 2319 980 2350 De
996 2320 1172 2360 quantitate
1187 2320 1218 2349 h.
1235 2330 1265 2350 v.
1284 2322 1367 2350 1218

749 2362 793 2394 δέ.
821 2362 885 2393 Ubi
899 2371 1034 2403 persona
1045 2361 1183 2393 secunda
1192 2362 1301 2402 prIOris
1316 2372 1388 2392 sen-

792 2406 924 2436 tentiam
953 2410 1048 2445 auget
1070 2411 1126 2436 aut
1149 2404 1287 2445 corrigit,
1315 2410 1389 2445 post

792 2447 835 2484 δὲ,
863 2448 955 2478 modo
981 2449 1178 2489 interpositO,
1206 2447 1299 2478 modo
1324 2457 1388 2478 non

789 2491 978 2531 interposito
1006 2491 1068 2522 alio
1101 2491 1207 2526 verbo,
1247 2490 1389 2531 sequitur

791 2533 946 2574 particula
973 2544 1013 2572 ’γε
1042 2536 1117 2566 814.
1145 2532 1178 2565 δὲ
1207 2543 1226 2563 a
1254 2533 1388 2563 librariis

790 2577 937 2606 omissum
959 2579 1035 2608 640.
1063 2575 1096 2608 δὲ
1119 2581 1152 2607 et
1175 2576 1237 2616 ’γὰρ
1259 2576 1389 2607 confusa

790 2622 843 2650 34.
868 2621 942 2650 139.
968 2622 1061 2651 1083.
1088 2618 1122 2650 δὲ
1141 2624 1174 2649 et
1194 2630 1233 2658 γε
1255 2619 1386 2650 confusa
