1596 2824
498 90 667 121 INDEX
706 88 905 121 LATINU
921 88 953 120 S.

99 183 173 215 sede
196 183 311 215 senarii
333 183 444 224 tragici
467 193 627 224 nunquam
651 193 706 222 ap-

101 233 190 268 paret
219 228 264 259 iii.
300 228 334 258 in
362 226 531 258 trochaicis
552 227 614 257 xiv.
642 227 706 257 xvi.

98 271 184 301 Add.
202 274 283 303 1161

54 311 218 344 Dawesius
257 324 394 345 canones
432 313 526 355 paulo
558 313 704 344 temerius

96 362 229 388 statuere
252 359 332 387 solet
345 360 418 389 298.
464 356 576 400 [Fugit
589 357 639 387 hic
656 357 702 386 lo-

95 411 151 430 cus
163 405 341 431 nostrorum
363 401 521 431 hominum
540 400 623 435 illos,
648 400 702 440 qui

94 443 272 474 Porsonum
308 444 522 484 superstitiose
559 454 700 474 reveren-

93 491 157 516 tem
172 497 328 517 canonum
342 487 481 517 Dawesii
504 487 677 517 habuerunt
692 498 699 516 :

91 534 126 559 ut
142 531 221 560 adeo
234 535 350 561 sectam
369 530 475 561 nescio
491 540 585 571 quam
600 531 698 560 Daw-

92 572 439 604 esio-Porsonianorum
477 579 618 614 crepent.
654 575 696 604 G.

91 615 139 647 H.
156 616 210 657 S.]
257 616 460 647 Dawesianus
486 626 599 652 canon,
627 618 695 647 nul-

90 657 152 688 lam
167 659 314 700 syllabam
331 670 349 690 a
367 660 463 700 poe'ta
486 660 610 690 scenico
627 670 694 690 cor-

88 701 147 741 ripi
162 712 265 742 posse,
282 702 315 732 in
330 713 392 744 qua
415 708 599 733 concurrant
618 714 694 734 con-

87 750 234 775 sonantes
263 747 319 781 βλ,
339 751 396 784 γλ,
423 757 479 785 Ὑμ,
504 756 555 784 Ὑν,
582 747 632 784 δμ,
658 747 693 776 δν

86 789 163 818 298.
208 788 416 818 Dawesianus
442 799 543 819 canon
568 790 608 818 de
638 800 690 829 ge-

86 839 160 860 nere
174 832 360 867 masculino,
374 832 500 872 quando
523 832 631 861 mulier
651 831 690 862 de

87 882 120 901 se
136 873 282 914 loquitur.
306 875 346 906 V.
364 885 388 904 s.
405 886 434 904 v.
449 874 568 904 Genus.

43 914 194 946 Dialecti.
224 917 390 953 Licentiae,
402 927 495 957 quam
506 917 535 946 in
547 917 691 948 dialectis

85 958 207 999 Tragici
223 960 283 990 sibi
305 960 482 1002 permisere,
505 960 582 990 fines
597 971 689 991 accu-

83 1005 149 1031 rate
164 1003 352 1034 constituere
370 1003 556 1044 perdifficile
572 1009 620 1034 est
634 1005 690 1035 viii

39 1041 238 1075 Diminutiva
252 1046 391 1077 secunda
406 1046 508 1076 xxxvii

40 1086 264 1129 Diphthongus
286 1095 358 1120 ante
381 1090 519 1119 vocalem
545 1094 689 1131 correpta

80 1129 112 1159 in
129 1132 324 1172 anapaesticis
339 1131 381 1162 xli

37 1170 213 1212 Disyllabae
230 1175 314 1204 vocis
331 1174 507 1215 penultima
522 1177 605 1206 1164

37 1213 234 1256 Dithyrambi
248 1217 289 1246 xli

36 1257 160 1288 Doricae
182 1258 309 1289 dialecti
333 1270 407 1290 usus
428 1259 513 1300 apud
532 1260 680 1301 Tragicos

79 1300 102 1330 i.
117 1301 182 1332 viii.
199 1304 270 1333 100.
284 1305 468 1334 372.1053.
485 1306 580 1336 1238.
600 1307 682 1336 1252

342 1431 380 1461 Ε.

34 1513 146 1545 Elisio.
187 1515 238 1545 An
253 1516 370 1547 vocalis
392 1517 486 1558 longa
508 1515 583 1546 elidi
605 1527 676 1558 pos-

72 1556 114 1587 sit
129 1568 159 1588 v.
175 1561 250 1589 211.
266 1563 329 1591 870

29 1597 160 1640 Ellipsis
176 1603 392 1640 pronominum
410 1602 503 1632 rarior
518 1605 592 1633 502.
638 1603 677 1633 In

72 1643 234 1684 ellipsibus
279 1645 484 1675 admittendis
522 1645 677 1676 Porsonus

66 1684 155 1724 justo
179 1687 301 1718 facilior
318 1691 413 1719 1010.
458 1687 595 1728 Ellipses
609 1689 677 1718 dia-

69 1728 202 1762 lectieae.
231 1730 275 1762 V.
295 1730 369 1762 Ind.
391 1730 495 1762 Graec.
518 1741 542 1761 S.
566 1742 594 1761 v.
617 1731 674 1762 ἅλ-

69 1776 145 1803 λοτε

28 1812 198 1853 Epitheton
215 1815 329 1856 duplex
345 1818 407 1847 425

26 1854 195 1897 Euripides
216 1859 311 1898 paulo
332 1859 540 1899 negligentior
562 1859 593 1889 in
622 1859 674 1889 iis-

70 1898 144 1929 dem
157 1901 285 1931 vocibus
296 1902 476 1941 repetendis
489 1905 565 1933 600.
610 1902 673 1932 Eu-

68 1941 177 1981 ripidis
200 1943 376 1985 Iphigeniae
402 1944 479 1975 Aul.
502 1954 573 1986 pars
598 1955 671 1986 spu-

67 1993 113 2014 na
126 1995 178 2015 XV·
193 1997 243 2018 XX.
260 1998 340 2017 xxvu

25 2023 206 2059 Eustathius
221 2030 403 2069 scriptorum
425 2030 550 2062 nomina
563 2031 671 2073 saepis-

66 2069 140 2101 sime
154 2073 320 2113 supprimit
335 2075 414 2104 1161

322 2200 363 2231 G.

22 2283 198 2316 Gatakerus
214 2285 268 2315 xlii

19 2325 195 2359 Genitivus.
240 2328 356 2358 Formae
373 2327 498 2359 Doricae
511 2329 664 2368 genitivo-

61 2379 125 2400 rum
150 2370 248 2401 tertiae
272 2371 493 2402 declinationis
516 2372 548 2401 in
573 2384 611 2404 αν
625 2383 665 2403 an

61 2414 202 2452 genuinae
219 2417 301 2445 1053

20 2452 129 2486 Genus
145 2457 346 2487 masculinum
363 2458 402 2487 de
419 2457 554 2488 muliere.
601 2458 664 2489 Ca·

59 2507 120 2527 non
137 2498 360 2530 Dawesianus:
386 2500 420 2530 Si
443 2500 553 2530 mulier
568 2501 608 2534 de
632 2511 664 2531 se

59 2540 188 2580 loquens
217 2542 367 2582 pluralem
395 2542 525 2573 adhibet
553 2553 663 2573 nume-

58 2591 135 2620 rum,
159 2595 256 2624 genus
278 2585 371 2616 etiam
394 2585 520 2616 adhibet
542 2594 662 2617 mascu-⁷

100 2627 213 2667 Eurip-

1350 83 1407 124 97

799 183 895 214 linum
912 195 920 221 3
945 183 969 213 si
987 181 1191 213 masculinum
1209 184 1337 215 adhibet
1352 197 1406 225 gt·-

796 237 868 267 nus,
892 237 1052 257 numerum
1068 227 1163 257 etiam
1183 227 1310 258 adhibet
1335 230 1404 271 plu-

795 271 891 300 ralem
906 274 969 300 509

751 312 923 354 Gregorius
940 313 1120 344 Corinthius
1135 316 1199 345 296

1051 442 1095 473 Η.

745 527 877 559 Hecuba
892 539 983 570 quem
998 533 1116 569 patrem
1134 529 1275 560 habuerit
1290 533 1308 561 3

743 570 943 603 Herodianus
958 573 989 602 H
995 573 1136 604 istoricus
1159 574 1259 603 minus
1282 575 1392 615 proba-

786 620 834 644 tus
852 621 958 646 auctor
972 619 1035 648 782

740 656 856 687 Hiatus
874 658 976 688 xxxiV.
990 662 1066 689 411.
1081 661 1157 690 465.
1172 657 1258 689 Add.
1277 662 1357 692 1161

740 700 869 731 Homeri
885 701 993 733 Codex
1008 702 1228 733 Townleianus
1243 706 1304 735 131

1051 830 1078 861 I.

736 913 1032 956 Iambographorum
1063 916 1240 948 differentia
1265 919 1386 951 ratione

781 963 949 989 metrorum
962 959 1016 989 xiii

736 1000 942 1040 Imperativus
956 1012 1013 1042 pro
1028 1013 1162 1043 persona
1183 1005 1321 1036 secunda
1335 1005 1384 1036 fu-

777 1045 838 1074 turi
853 1045 1016 1076 indicativi
1031 1048 1096 1077 219

733 1086 911 1161 lugitivus
928 1099 968 1119 an
990 1099 1045 1130 pro
1061 1089 1244 1130 imperativo
1261 1090 1384 1123 dicatur

732 1172 850 1205 Ionicae
866 1174 972 1205 formae
995 1185 1050 1216 per
1070 1175 1263 1206 librariorum
1278 1187 1383 1208 socor-

774 1217 858 1247 diam
873 1218 907 1248 in
922 1218 1032 1258 poe'tas
1048 1219 1170 1249 Atticos
1185 1229 1222 1249 ex
1239 1219 1382 1251 Homero

771 1260 903 1291 invectae
932 1261 975 1291 iv.
1005 1261 1071 1293 viii.
1127 1262 1258 1292 Ionismi
1295 1264 1382 1305 apud

770 1302 918 1343 Tragicos
932 1304 987 1333 viii

727 1344 799 1374 Iota
814 1345 1021 1386 subscriptum
1037 1349 1069 1377 2.
1093 1347 1286 1387 adscriptum
1305 1360 1379 1380 cau-

769 1398 803 1418 sa
818 1399 953 1419 errorum
966 1393 999 1420 2.
1044 1389 1115 1420 Iota
1137 1389 1253 1421 dativis
1276 1396 1309 1422 et
1329 1393 1379 1423 in-

768 1430 898 1461 finitivis
913 1432 975 1462 alia
989 1431 1268 1464 Grammaticorum
1293 1435 1379 1466 s'ecta

767 1473 915 1509 addebat,
925 1474 988 1505 alia
1000 1475 1164 1506 omittebat
1174 1486 1204 1506 x.
1214 1476 1252 1508 xi.
1265 1477 1377 1517 [Conf.

765 1516 958 1556 481.]—In
980 1517 1028 1548 his
1050 1519 1145 1549 rebus
1161 1519 1240 1550 Mss.
1262 1520 1376 1552 frustra

765 1559 961 1600 appellantur
975 1563 1037 1592 481

722 1601 891 1643 Iphigenia
902 1602 1013 1635 Aulid.
1030 1603 1227 1645 interpolata.
1246 1605 1287 1638 V.
1305 1617 1329 1637 s.
1342 1617 1372 1638 v.

765 1645 943 1686 Euripides-

1027 1732 1066 1763 L.

717 1814 868 1846 Libanius
881 1817 986 1848 minus
998 1818 1144 1858 probatus
1159 1823 1266 1850 auctor
1281 1823 1345 1853 782

716 1857 818 1889 Linea
840 1861 1039 1900 superducta,
1063 1861 1090 1891 si
1110 1862 1226 1892 vocalis
1248 1873 1366 1903 praece-

759 1902 818 1938 dit,
841 1904 968 1942 ponitur
990 1914 1045 1945 pro
1071 1916 1101 1941 ν,
1124 1904 1150 1935 si
1179 1915 1365 1946 consonans,

757 1955 813 1984 pro
830 1957 850 1975 α
864 1949 907 1977 98

714 1986 842 2017 Litterae
856 1990 1032 2020 numerales
1041 1989 1108 2021 viii.
1124 1989 1190 2021 xliii

713 2030 953 2104 LongaElxsocalis
968 2033 1046 2064 elidi
1060 2043 1122 2065 non
1145 2037 1259 2074 potest.
1276 2034 1318 2066 V.
1335 2045 1359 2066 s,

755 2083 785 2104 v.
844 2084 901 2105 1510

1010 2161 1061 2192 M.

709 2244 827 2275 Melica
843 2250 1013 2285 systemata
1027 2246 1071 2276 vii

708 2287 863 2336 Memoria
877 2288 1039 2319 citantium
1053 2299 1107 2320 cur
1130 2290 1221 2322 toties
1237 2301 1354 2322 errave-

751 2335 790 2359 nt
810 2341 841 2359 vr

706 2371 799 2403 Muta
815 2378 886 2403 ante
900 2372 1051 2413 liquidam
1066 2374 1109 2405 xli

1005 2459 1050 2491 N.

705 2542 861 2573 Neutrum
886 2543 1004 2583 plurale
1026 2554 1097 2575 curn
1123 2547 1216 2578 verbo
1238 2548 1354 2589 plurali

747 2589 821 2618 828.
840 2588 932 2618 1136.
951 2585 1037 2617 Add.
1052 2591 1147 2621 1141.
1206 2632 1223 2662 I
