1565 2834
545 75 957 135 ΟΡΕΣΤΗΣ.

161 244 423 292 αυτουξιγος,
450 242 569 290 οισι-εξ
597 219 675 269 καὶ
703 242 824 287 μονοι
853 217 1039 288 σώζουσι
1069 219 1160 281 γῆν,

1342 72 1413 126 61

1331 229 1415 265 910

167 294 336 357 ξυνετος
366 293 409 345 δε
439 299 591 364 χωξεῖν
620 293 754 361 ὁμόσε
784 297 871 350 τοῖς
901 290 1056 356 λογοις
1083 288 1222 350 θέλων,

165 367 384 440 ἀκεξοιιος,
411 367 701 426 ἀνεπίληπτον
731 364 927 425 ἧσνηκως
953 365 1067 428 βίον

88 505 226 535 vandum
239 510 296 541 est,
309 505 339 534 id
354 505 436 545 quod
451 504 648 545 Musgravius
662 505 726 536 fere

91 548 259 588 perspexit,
284 548 443 583 nuncium,
473 548 529 577 hoc
554 553 600 577 est
625 548 725 587 ipsum

92 591 285 631 Euripidem,
295 602 363 621 cum
374 591 468 620 tacita
481 590 611 630 quadam
623 590 725 631 iudig-

92 635 220 664 natione
237 634 334 674 loqui,
358 635 442 674 quasi
461 634 601 663 homines
618 633 727 664 urbani

89 677 268 707 rusticorum
294 677 476 706 commercio
498 686 531 705 se
546 676 643 715 pollui
661 686 726 706 cre-

89 720 212 750 derent.
263 719 390 748 Deinde
419 720 522 748 omnia
553 719 728 759 hujusmodi

91 763 198 802 verba,
210 771 288 792 'cum
306 762 456 801 originem
473 761 547 790 satis
564 762 726 791 honestam

93 806 240 843 habeant,
257 815 276 834 a
289 804 439 844 Tragicis,
454 804 598 843 pristinas
611 804 727 832 furmu-

92 848 137 878 las
150 848 351 882 sectantibus,
366 854 396 876 et
408 847 490 886 vulgi
505 847 668 875 sententice
679 857 727 875 se-

92 890 187 926 curis,
205 900 286 930 saepe
301 891 338 919 ad
351 900 457 919 verum
468 895 499 918 et
508 894 646 918 veterem
658 899 727 918 sen-

94 944 162 963 sum
176 938 380 970 revocantur3
397 933 479 972 quod
496 937 527 960 et
542 932 575 960 in
588 932 643 961 hoc
658 932 726 961 loco

91 976 209 1006 factum
224 975 356 1004 videtur.
400 974 542 1015 Χραίνειν
555 975 636 1003 enim
649 975 726 1004 1111111

93 1019 178 1049 aliud
203 1019 324 1059 proprie
349 1018 515 1057 significat,
545 1027 639 1057 quam
663 1022 669 1033 ‘
684 1017 728 1046 rei

95 1062 273 1102 cujusquam
282 1061 474 1101 superficiem
483 1060 590 1090 leviter
601 1059 708 1089 radere
718 1059 726 1071 '

90 1105 141 1135 wel
172 1110 179 1122 ‘
190 1104 365 1143 attingere!
411 1104 527 1134 Confer
557 1103 726 1133 Ruhnken.

92 1149 132 1177 ad
155 1147 304 1177 Timaeum
328 1157 358 1186 p.
373 1150 426 1177 75.
444 1149 516 1177 104.
562 1145 727 1185 Euripides

92 1190 173 1231 ipse,
190 1190 310 1230 opinor,
329 1190 379 1219 vix
392 1200 485 1219 ausus
501 1194 584 1218 esset
599 1188 726 1218 verbum

93 1232 223 1271 μιαίνειν
237 1233 318 1262 bono
334 1243 423 1262 sensu
440 1242 597 1272 usurpare.
642 1231 729 1267 Quid

93 1281 199 1306 autem
220 1275 395 1305 Homerus?
420 1275 459 1304 ΙΙ.
480 1280 517 1305 Δ.
536 1278 610 1305 141.
633 1275 687 1305 εΩς
701 1275 726 1305 8‘

95 1318 148 1350 ὅτε
159 1318 207 1349 τίς
222 1319 249 1348 τ’
266 1317 423 1358 ἐλέφαντα
436 1320 516 1356 ’γυνὴ
533 1317 646 1356 φοίνικι
659 1316 727 1355 μιή-

95 1373 141 1403 νῃ·
157 1372 249 1402 quem
265 1362 402 1390 imitatus
419 1361 609 1390 Heliodorus
624 1361 728 1389 AEthi-

96 1406 178 1445 opic.
195 1416 222 1434 x.
240 1408 290 1436 15.
307 1415 338 1444 p.
355 1406 429 1434 479.
450 1403 538 1438 dixit,
552 1404 670 1443 nigrum
696 1404 729 1433 in

91 1447 228 1478 candido
252 1446 421 1478 Charicleze
440 1446 565 1476 brachio
581 1447 729 1476 circulum

95 1501 279 1524 memorans,
304 1489 353 1520 καὶ
375 1489 413 1526 ἦν
434 1501 481 1520 τις
505 1490 606 1528 ὥσπερ
625 1489 731 1524 ἔβενος

93 1534 269 1574 περίδρομος
300 1532 459 1570 ἐλέφαντα
487 1532 542 1563 τὸν
578 1531 732 1572 βραχίονα

95 1577 229 1615 μιαίνων.
276 1575 347 1611 Sed,
375 1581 409 1604 ut
429 1577 466 1604 ad
492 1575 618 1604 verbum
642 1574 729 1614 χραί-

96 1632 159 1650 νειν
173 1619 307 1650 redeam.
326 1620 381 1648 hac
397 1619 466 1657 ipsa
482 1628 556 1647 voce
569 1618 600 1647 111
614 1621 729 1647 scetere

98 1662 256 1703 purgando
275 1662 369 1690 utitur
386 1662 553 1702 AEschylus
568 1661 650 1700 apud
665 1660 729 1689 Eu-

95 1706 241 1735 stathium
269 1703 308 1732 ad
344 1704 379 1733 11.
403 1709 436 1734 T.
465 1715 493 1741 p.
523 1707 614 1734 1183.
642 1706 675 1733 17
690 1718 731 1730 =

98 1751 192 1779 1250.
210 1751 240 1778 S.
263 1745 433 1783 ἐπιτήδειος
458 1746 554 1776 ἐδόκει
580 1746 654 1785 πρὸς
677 1758 730 1776 κα-

98 1790 212 1830 θαρμὸν
227 1791 243 1820 ὃ
259 1790 324 1824 σῦς,
349 1790 387 1820 ὡς
410 1791 503 1826 δηλοῖ
519 1787 676 1827 Αἰσχύλος
700 1791 732 1819 ἐν

94 1835 151 1872 τῷ,
175 1832 250 1873 Πρὶν
273 1832 310 1862 ἂν
327 1833 505 1870 παλαγμοῖς
520 1832 648 1869 αἵματος
663 1843 731 1871 χοι-

98 1875 248 1915 ροκτόνου
258 1875 356 1906 Αὐτός
367 1887 404 1905 σε
417 1873 514 1915 χράνῃ
540 1874 613 1905 Ζεὺς
637 1886 731 1905 κατα-

99 1917 215 1958 στάξας
243 1919 358 1957 χεροῖν,
405 1918 513 1947 Ubiler
528 1925 602 1946 nola
617 1928 731 1947 nomen

98 1961 235 2002 ejusdem
265 1963 355 2000 plane.
381 1961 514 2000 generis,
540 1962 730 1998 παλαΎμοῖς,

98 2005 179 2044 quod
209 2004 322 2033 frustra
350 2004 381 2032 in
407 2004 603 2041 σταλαγμοῖς
635 2009 732 2033 mutat

101 2047 247 2077 Pauwius
273 2047 311 2076 ad
339 2046 462 2086 Fragm.
494 2056 564 2086 pag.
587 2049 678 2076 1114.
702 2056 730 2076 a.

102 2090 292 2131 AEschylum
305 2099 343 2118 an
359 2088 537 2128 Euripldem
547 2088 634 2128 sequi
644 2088 732 2117 vide-

99 2138 150 2162 tur
175 2132 309 2162 Achaeus
324 2130 410 2171 apud
426 2131 616 2160 Athenaeum
631 2131 685 2160 vii.
702 2142 732 2171 p

100 2177 173 2209 277.
190 2175 227 2204 B.
244 2175 298 2203 ubi
311 2174 349 2203 de
363 2174 499 2212 piscibus
511 2174 571 2203 ait.
590 2173 736 2212 Χραίνον-

101 2229 152 2248 τες
167 2216 334 2257 οὐραίοισιν
349 2216 451 2246 εὐδίαν
466 2215 552 2247 ἁλός.
589 2216 736 2257 Denique

101 2265 210 2301 quater
225 2261 308 2291 hunc
321 2260 420 2298 ipsum
439 2270 555 2288 versum
572 2259 647 2288 citat
668 2259 732 2289 Eu-

103 2303 231 2333 stathius
256 2301 297 2332 ad
312 2302 351 2332 11.
366 2306 404 2332 Δ.
419 2312 449 2341 p.
464 2304 538 2332 467.
555 2304 596 2332 26
608 2314 648 2326 =
659 2304 732 2333 356.

101 2348 133 2376 7.
155 2349 194 2376 Π.
207 2347 303 2376 1063.
316 2347 514 2375 34--1082.
526 2347 578 2374 25.
591 2345 734 2375 §.1158

101 2389 735 2420 2821215120.Ω,1335.59ε1163.

101 2434 131 2461 l.
161 2435 193 2460 et
220 2430 268 2460 bis
295 2430 421 2470 quidem
451 2434 579 2470 propter
607 2429 734 2459 verbum

102 2472 252 2512 χραίνειν.

143 2519 219 2546 910.
251 2515 348 2555 οἵπερ.
392 2513 510 2544 Fadem
548 2514 736 2544 constructio

102 2558 176 2588 Hel.
191 2560 264 2589 448.
279 2557 406 2593 ’Ἕλλην
419 2556 574 2595 πεφυκὼς,
587 2554 666 2587 ὀῑσιν
680 2557 736 2588 οὐκ

104 2599 300 2641 ἐπιστροφαί·
337 2600 387 2629 ubi
423 2600 504 2629 male
537 2599 735 2635 Musoravius

103 2642 313 2685 ἄποστροφαί.
344 2642 455 2682 Suppl.
480 2644 553 2673 870.
578 2635 682 2673 Φίλοις
704 2644 733 2674 τ’

188 2686 300 2727 Eurip.
318 2686 374 2716 Or.

772 504 889 542 ἀληθὴς
911 503 950 542 ῆν
972 503 1076 544 φίλος,
1096 502 1228 543 παροῦσί
1240 514 1277 533 τε
1293 501 1353 532 Καὶ
1368 501 1411 540 μὴ

772 549 931 588 παροῦσιν·
946 546 987 578 ὡν
1002 545 1126 589 ἀριθμὸς
1142 546 1176 576 οὐ
1192 545 1302 576 πολύς.
1340 545 1413 575 Ari-

772 593 916 631 stophan.
930 591 1056 620 Thesm.
1073 600 1136 619 sec.
1150 589 1258 629 fragm.
1268 591 1318 620 11.
1328 589 1412 627 apud

773 634 1058 664 Polluc.x.152.
1090 630 1214 679 zebeam?
1241 632 1274 661 ἐν
1304 630 1411 671 οἷσπερ

772 676 937 717 τάργύριον
950 674 1138 714 ταμιεύεται·
1162 674 1249 715 cujus
1264 674 1326 703 loci
1342 684 1412 703 sen-

772 721 902 749 tentiam
940 730 1002 749 non
1044 717 1243 758 peispexisse
1288 716 1412 746 videtur

773 763 960 797 Brunckiu
988 772 1057 802 quae
1085 765 1133 790 est
1155 760 1243 789 haec:
1276 759 1412 789 ‘Saccus

773 815 809 834 ex
826 815 930 835 eorum
947 814 1075 844 genere,
1096 804 1128 833 in
1146 801 1323 843 quibus—J
1350 801 1410 841 [V.

773 854 838 878 not.
855 848 894 877 ad
910 847 1066 876 Theocrit.
1085 857 1154 875 xxv.
1172 848 1246 876 121.
1282 844 1321 874 In
1337 844 1411 875 Ind.

773 891 810 919 ad
829 890 956 919 Homer.
971 889 1086 929 Odyss.
1103 899 1133 929 p.
1150 890 1224 918 176.
1241 887 1349 917 addidi
1366 887 1410 917 lo-

774 943 845 962 cum
861 943 876 962 e
895 933 1029 962 Diodori
1043 932 1106 962 Sic.
1119 931 1203 960 xviii.
1219 941 1247 960 c.
1263 933 1293 960 4.
1318 930 1412 960 Frus-

774 981 838 1005 tra:
864 985 936 1004 nam
957 975 1001 1004 ibi
1022 980 1094 1004 ante
1116 972 1196 1004 κατὰ
1214 973 1411 1003 inserendum

773 1020 845 1048 τῶν.
893 1018 1056 1047 Accedant
1068 1018 1129 1047 alia
1144 1015 1304 1047 nonnulla.
1343 1015 1410 1046 Ho-

773 1071 877 1090 merus
892 1061 930 1090 Il.
946 1061 1004 1091 xiv.
1022 1063 1097 1091 410.
1113 1058 1284 1099 Χερμαδίῳ,
1310 1057 1351 1089 τά
1372 1059 1410 1098 ῥα

773 1104 934 1134 πολλὰ-η
965 1104 1068 1133 fichol.
1082 1103 1123 1133 V.
1140 1102 1266 1143 (Heyn.
1281 1106 1304 1133 t.
1319 1102 1361 1132 vi.
1378 1113 1410 1142 p.

772 1150 847 1177 656.
852 1149 1032 1187 >comparat
1045 1146 1162 1186 Odyss.
1177 1146 1227 1174 xii.
1240 1148 1291 1175 97.
1303 1146 1409 1182 κῆτος,

773 1203 792 1220 α
813 1190 903 1239 μυρία
926 1188 1046 1225 βόσκει.
1092 1187 1206 1227 (Quod
1228 1198 1265 1217 ex
1282 1186 1412 1217 Pindari

775 1233 826 1263 Ol.
854 1234 899 1263 iii.
927 1236 976 1263 18.
1002 1242 1048 1272 sq.
1071 1236 1105 1261 ut
1129 1232 1164 1261 ἐκ
1187 1231 1245 1260 τοῦ
1270 1230 1411 1261 ἐναντίου

774 1275 891 1306 dictum
904 1276 990 1310 citat,
1007 1274 1189 1314 ἀνθρώπους,
1206 1271 1300 1312 ᾡτινι,
1316 1274 1344 1304 ei
1360 1284 1409 1304 sa-

774 1319 813 1348 tis
835 1319 978 1359 congiuit
1001 1318 1080 1347 alius
1095 1317 1197 1360 Lyrici
1213 1303 1298 1346 iocus
1315 1317 1410 1357 Pyth.

773 1362 817 1391 iii.
835 1365 887 1392 38.
904 1372 948 1402 sq.
965 1361 1077 1401 φῦλον,
1099 1359 1196 1391 ὅστις.
1243 1359 1411 1400 Em·ipides

774 1405 855 1434 Hec.
873 1407 947 1435 359.
963 1415 1009 1443 sq.
1025 1405 1184 1434 δεσποτῶν
1198 1401 1341 1443 ὧμῶν-,
1355 1401 1409 1433 ὅσ-

773 1460 874 1478 τις-.
891 1457 982 1487 quem
998 1447 1099 1476 locum
1120 1457 1189 1477 cum
1212 1445 1318 1475 munis
1341 1445 1412 1475 aliis

774 1491 881 1521 citavit
897 1491 1052 1520 Porsonus
1067 1500 1118 1529 ap.
1135 1489 1248 1519 Monk.
1266 1489 1304 1518 ad
1321 1488 1410 1518 Euri-

774 1533 839 1573 pid.
854 1533 985 1573 Hippoi.
998 1543 1028 1562 v.
1043 1533 1115 1572 78.)
1148 1531 1240 1561 Idem
1255 1531 1410 1561 Scholias-

773 1581 820 1606 tes
843 1576 967 1617 (Heyn.
979 1575 1055 1605 ibid.
1071 1586 1102 1615 p.
1119 1575 1211 1614 643.)
1233 1584 1291 1603 nos
1308 1574 1413 1610 docet,

774 1619 815 1648 Il.
828 1619 891 1648 xiii.
910 1621 981 1649 168.
997 1618 1074 1647 alios
1086 1618 1125 1647 ad
1139 1617 1274 1647 eundem
1285 1617 1410 1646 modum

775 1662 887 1701 legisse
902 1673 908 1690 :
927 1660 1096 1699 Οἷσόμενος
1113 1659 1184 1699 δόρυ
1197 1659 1327 1700 μακρὸν,
1346 1658 1366 1689 ἅ
1381 1659 1411 1689 οἱ

775 1703 917 1745 κλισίῃφι
927 1703 1087 1734 λέλειπτο.
1132 1703 1365 1733 Demosthenes
1379 1713 1412 1742 p.

774 1750 849 1778 328.
864 1751 916 1778 24.
936 1747 979 1776 R.
1002 1746 1087 1787 ἀνδρὶ
1110 1747 1196 1785 καλῷ
1220 1758 1256 1776 τε
1276 1745 1412 1786 κάγαθῷ,

776 1790 809 1819 ἐν
831 1789 875 1821 οἷς
895 1790 1028 1829 οὐδαμοῦ
1051 1789 1091 1821 σὺ
1113 1788 1236 1831 φανήσῃ
1261 1788 1411 1828 γεγονώς.

776 1834 859 1872 quod
885 1838 967 1863 recte
991 1833 1128 1873 explicat
1152 1832 1314 1867 Reiskius,
1342 1842 1412 1862 cum

777 1876 849 1905 olim
874 1877 904 1905 11.
925 1876 945 1906 l.
968 1877 1136 1911 turbasset,
1153 1880 1187 1905 ut
1200 1874 1360 1915 intelligas
1375 1886 1412 1906 ex

777 1918 915 1948 Harlesii
942 1918 1090 1950 editione.
1137 1918 1303 1959 Appianas
1328 1923 1351 1948 t.
1378 1919 1414 1948 ii.

776 1971 808 2001 p.
826 1964 899 1992 588.
916 1961 1016 1991 Schw.
1033 1962 1066 1991 ἐν
1081 1959 1222 2001 λάρνακι,
1240 1960 1275 1991 ἃς
1288 1960 1348 1991 ἀπὸ
1364 1972 1411 1992 σι-

777 2003 869 2043 δήρου
889 2005 920 2034 ἐς
939 2003 1108 2044 χρημάτων
1122 2003 1142 2041 ἢ
1153 2003 1287 2039 βιβλίων
1303 2004 1412 2042 ἔχουσι

1309 2047 1413 2087 Virgi-

1164 2089 1411 2130 Fulmen—quae

1009 2131 1111 2162 Recte
1128 2131 1358 2172 Hoogeveenus
1372 2133 1413 2163 ad

785 2175 890 2215 Viger.
916 2175 963 2204 iii.
990 2177 1018 2205 l.
1047 2178 1076 2204 1.
1100 2185 1132 2214 p.
1155 2177 1209 2205 41.
1241 2175 1271 2204 b.
1305 2176 1358 2205 “i.
1383 2185 1412 2206 e.

782 2218 914 2247 Fulmen
939 2223 1013 2252 erat,
1038 2227 1073 2246 ex
1091 2227 1197 2247 eorum
1214 2227 1325 2257 genere
1342 2228 1413 2259 quae

783 2259 866 2290 ete-3²
903 2260 1012 2289 Minus
1022 2264 1108 2290 recte
1123 2260 1270 2300 Hejnius
1286 2271 1412 2301 compa-

777 2308 823 2332 rat
848 2302 1051 2332 Homericum
1076 2302 1193 2343 Odyss.
1215 2313 1246 2333 v-
1269 2306 1344 2334 421.
1367 2313 1414 2344 sq.

779 2344 966 2394 κῆτος-οἶά
977 2358 1013 2375 τε
1028 2345 1188 2376 πολλὰ-·
1202 2355 1277 2375 nam
1291 2347 1350 2376 hoc
1366 2345 1414 2376 di-

779 2388 861 2422 versi
874 2388 1040 2428 generises
1045 2393 1065 2416 t.
1091 2388 1133 2418 G.
1151 2388 1198 2419 Η.
1215 2389 1269 2430 S.]

822 2434 896 2462 912.
921 2420 1151 2469 ἀνεπίπληιῖτον
1172 2431 1261 2460 multi
1280 2431 1359 2461 Mss.
1383 2435 1417 2461 et

779 2477 884 2506 X.1·1.
915 2476 989 2504 394.
1034 2473 1097 2503 Sed
1123 2473 1330 2510 ἐπιπλήσσειν
1355 2478 1415 2509 est,

780 2522 986 2557 ‘praesentem
1002 2517 1133 2557 graviter
1145 2516 1329 2568 increparess
1351 2517 1417 2547 ἐπι-

779 2558 1006 2633 Ιὲαμβάνεσθαι,
1052 2563 1061 2577 ‘
1078 2559 1228 2601 culpam)
1274 2557 1417 2600 ἀκέραιον

807 2608 870 2634 ant.

775 2046 930 2086 φυλακήν.
975 2048 1025 2076 Sic
1039 2047 1133 2077 etiam
1147 2046 1263 2077 Latini.

776 2089 836 2120 lius
859 2090 936 2119 AEn.
953 2090 1019 2120 viii.
1034 2093 1108 2120 427.
1133 2094 1153 2108 “

779 2131 984 2172 plurima—3⁷

1263 2689 1289 2720 F
