1606 2803
270 51 685 84 SUPPLEMENTUM
720 50 788 82 AD
825 49 1212 82 PRAEF'A'I'IONEM·
1275 38 1440 83 XXXVii

96 158 163 208 lit,
195 156 272 198 sed
303 156 505 210 neglexit
540 156 644 209 ille;
682 156 802 211 quod
833 156 974 209 magis
1008 155 1144 197 miror
1174 155 1219 196 in
1250 169 1323 206 eo,
1361 155 1437 209 qui

101 214 223 255 Nub.
258 215 357 256 980.
396 214 564 267 optime
598 228 622 255 e
645 214 759 255 Mss.
794 212 1003 263 Διπολιώδη
1037 214 1297 255 restituerit.
1359 213 1435 254 Sic

99 273 235 313 etiam
259 272 410 313 dixere
431 271 571 312 Attici
594 270 773 321 Δίφιλος,
793 284 881 312 non
903 271 1093 320 Διΐφιλος.

157 328 246 370 Sed
269 333 427 383 praeter
446 329 548 370 loca
563 330 660 384 jam
681 333 919 370 memorata
947 328 1171 383 dactylum
1194 328 1239 369 in
1261 340 1436 370 caesura.

99 387 263 428 habent
293 387 538 440 sequentia,
581 387 624 428 N
630 387 703 428 ub.
747 386 847 428 325.
892 385 1031 440 Vesp.
1062 386 1163 428 349.
1202 386 1302 427 396.
1335 385 1436 427 671.

98 457 288 498 quorum
323 443 545 485 secundus
573 448 615 485 et
652 450 838 497 quartus
872 444 1082 485 facillime
1114 443 1434 497 expedientur;

99 503 268 556 primus
285 507 330 542 et
350 501 505 542 tertius
527 502 739 554 majorem
760 501 1050 542 attentionem
1072 501 1319 555 postulant.

205 560 347 598 ”Εο·τιν
368 556 434 607 ὀπὴ
457 558 526 607 δῆθ’
549 559 655 608 ἥντιν’
668 555 714 598 div
737 556 952 613 ἔνδοθενιοῖός
973 559 1007 598 τ’
1030 556 1099 607 εἴης
1119 556 1292 613 διορύξαι.

219 619 265 656 Οἳ
286 616 321 656 δὲ
351 615 569 671 ξύμμαχοι,
600 616 647 663 ὡς
680 613 830 671 ᾔσθοντό
861 631 909 670 γε
933 617 940 670 1
965 615 1026 656 τὸν
1055 616 1124 669 μὲν
1154 614 1340 672 σύρφακα
1374 614 1436 656 τὸν

560 672 696 714 ἄλλον.

100 732 219 785 Lege
234 732 278 772 in
294 732 387 781 illo,
408 730 598 772 vocibus
622 731 927 785 transpositis,
946 729 1015 780 οἷός
1035 732 1068 772 τ’
1088 730 1220 771 ἕντοθευ
1234 728 1304 779 εἴης
1320 732 1351 771 ὃ.
1379 729 1435 772 In

99 789 242 830 altero
263 789 461 842 ineptum
494 788 612 829 istud
634 805 681 843 γε
705 790 868 830 omittit
890 789 1148 831 Ravennas.
1184 789 1436 830 Genuinam

100 847 222 888 verbi
244 845 430 887 formam
452 842 623 900 ᾔσθηνται
647 847 935 888 conservavit
966 846 1131 887 Suidas
1154 860 1196 888 v.
1219 843 1437 901 Λαγαριζό-

98 919 218 957 μενον,
243 917 281 945 v.
308 901 610 959 Τςαγαλίζοντα,
631 908 677 945 et
696 904 856 944 diserte
878 905 921 945 in
934 903 1173 952 ”Ηισθηνται.
1221 904 1327 944 Hac
1348 904 1437 944 for-

97 974 174 1002 ma
207 974 328 1015 saepe
366 961 500 1001 utitur
536 960 696 1013 Plat03
731 962 870 1002 utitur
902 961 1123 1013 Tragicus
1159 960 1297 1002 Rhes.
1333 960 1436 1003 673.
1501 977 1507 983 ⁸

99 1018 339 1073 Euripides
362 1016 509 1058 Orest.
532 1019 657 1060 1583.
679 1019 849 1074 (1566.)
877 1018 1041 1059 Troad.
1076 1018 1178 1060 639.
1216 1018 1365 1060 Etiam
1388 1019 1436 1059 in

99 1075 267 1118 Bacch.
288 1076 390 1117 605.
412 1076 733 1117 restituendum
765 1075 937 1131 ᾔσθησθε,
968 1089 1056 1117 non
1088 1076 1251 1132 ᾔσθεσθε.
1299 1075 1436 1126 Quod

95 1133 155 1175 ad
177 1133 322 1187 Vesp.
337 1133 435 1174 396.
459 1134 630 1183 attinet,

214 1191 331 1231 Αὑτὸν
352 1189 481 1240 δήσας.
509 1189 537 1230 ὦ
557 1188 776 1248 μιαρώτατε
801 1191 806 1243 Ι
830 1189 867 1231 τί
887 1192 1026 1245 ποιεῖς;
1053 1194 1092 1232 οὐ
1113 1190 1165 1245 μὴ
1189 1190 1425 1243 καταβήσεις

99 1248 139 1289 is
160 1260 214 1288 eo
236 1248 413 1289 nornine
430 1252 645 1302 praeterea
666 1248 859 1289 vitiosus
880 1253 961 1299 est,
981 1249 1052 1303 [li]
1077 1249 1201 1304 quod
1226 1261 1436 1303 anapaes-

99 1310 193 1346 tum
217 1305 398 1359 dactylo
423 1306 573 1346 statim
591 1305 788 1360 subjicit.
820 1305 875 1347 Id
890 1307 932 1347 in
952 1306 1038 1349 hoc
1051 1320 1262 1349 versuum
1276 1318 1433 1359 genere

98 1375 189 1404 non
209 1362 342 1405 licere
379 1375 518 1416 supra
548 1363 688 1403 innui.
748 1363 984 1416 Exempla,
1010 1378 1114 1419 quae
1148 1377 1208 1406 ex
1229 1363 1437 1405 emenda-

99 1420 217 1461 tione
253 1421 298 1461 in
331 1420 599 1461 contrariam
631 1423 800 1473 partem
835 1420 978 1462 afferri
1013 1425 1215 1476 possunt,
1248 1421 1357 1462 nihil
1379 1420 1436 1462 ad

99 1490 192 1518 rem
212 1476 393 1519 faciunt.
426 1477 670 1518 Eximenda
691 1478 820 1530 igitur
837 1491 1018 1520 numero
1047 1479 1187 1533 Vesp.
1224 1479 1323 1519 568.
1346 1477 1436 1520 Av.
1467 1501 1469 1503 ·

100 1534 201 1576 520.
229 1535 440 1576 editionis
472 1534 787 1576 Brunckianae,
853 1535 1105 1578 Eximenda
1146 1536 1278 1578 etiam
1317 1535 1435 1587 loca,

100 1591 179 1633 ubi
200 1590 376 1647 βοϊδαςίω
410 1592 604 1645 corrigit,
636 1593 804 1646 quippe
833 1594 909 1646 qui
930 1607 1012 1647 pes
1042 1593 1329 1635 choriambus
1363 1592 1435 1633 sit.

100 1648 189 1691 AV.
210 1649 310 1692 586.
372 1649 549 1701 Fragm.
570 1649 690 1703 apud
712 1649 999 1692 Ammonium
1020 1664 1064 1693 v.
1084 1650 1265 1697 Χολάδες.
1321 1649 1436 1690 Cum

99 1708 214 1747 enim
235 1720 411 1760 semper
431 1706 570 1748 Attici
590 1711 816 1748 contracte
847 1707 1001 1749 dicant
1029 1707 1176 1760 βοίδιον,
1203 1705 1339 1756 νοίδιον,
1360 1706 1436 1762 ῥοί-

100 1764 186 1815 διον,
207 1763 418 1814 διπλοίδιον,
452 1762 728 1817 ἡμιδιπλοίδιον,
748 1762 972 1819 προχοῖὃιον,
992 1770 1043 1807 ut
1062 1767 1264 1820 pluribus
1285 1773 1435 1806 osten-

103 1820 169 1862 dit
188 1820 429 1862 Piersonus
453 1821 507 1862 ad
544 1821 709 1863 Moerin
743 1835 790 1875 p.
825 1822 924 1864 276.
961 1835 1246 1876 consequens
1281 1826 1366 1871 est,
1387 1824 1435 1863 ut

101 1880 326 1920 contracte
348 1891 527 1933 quoque
549 1878 747 1920 secunda
775 1878 1036 1922 diminutiva
1057 1880 1222 1921 dicant.
1265 1878 1434 1930 Quare,

101 1935 290 1977 sublatis
309 1937 506 1989 punctis,
529 1936 575 1976 in
593 1941 824 1990 posterum
845 1936 1060 1990 legamus,

218 1995 297 2043 Μὴ,
317 1991 400 2048 πρίν
418 1994 456 2048 γ’
478 1990 525 2033 οἲν
545 1990 621 2047 ἐγώ
639 1990 692 2034 ταὶ
720 1992 895 2049 βοιδαρίω
916 1992 969 2034 τα)
989 1995 1060 2048 ’μώ
1089 1993 1270 2049 πρώτιστ’
1291 1993 1435 2034 ἀποδῶ-

593 2067 643 2091 αὖ.

211 2104 273 2147 *H
292 2105 488 2162 βοιδαρῖων
503 2067 763 2155 τιςίπέκτεινε
785 2110 928 2162 ζεῦγος,
945 2107 1118 2162 χολίκων
1139 2108 1331 2162 ἐπιθυμῶν.

103 2163 204 2207 Nec
223 2164 366 2218 maj0r
393 2163 634 2207 difficultas
653 2165 899 2218 fragmento
931 2167 1283 2222 Babyloniorum
1303 2166 1433 2215 inest,

104 2221 224 2276 quod
246 2221 358 2262 citat
375 2221 709 2274 Harpocration
733 2236 774 2263 v.
805 2223 1033 2273 Ἐπιβίιτης.

220 2275 320 2333 Εὖγ’
341 2277 637 2330 ἐξεκολύμβησεν
656 2279 848 2330 ἐπιβάτης,
871 2281 918 2327 ὠς
939 2279 1088 2330 ἐξοίσων
1107 2280 1269 2335 ἑπίγυον.

106 2334 156 2376 Si
177 2336 278 2390 quis
299 2348 398 2376 cum
420 2335 645 2377 Brunckio
666 2337 720 2377 de
755 2337 940 2378 metrica
960 2339 1127 2379 ultimae
1148 2340 1274 2380 vocis
1295 2348 1433 2390 quan-

105 2392 229 2434 titate
260 2391 447 2443 dubitat,
479 2393 517 2434 is
545 2407 645 2435 cum
673 2393 1044 2448 Harpocrationis
1077 2394 1192 2437 Mss.
1226 2394 1432 2436 Mediceo

106 2452 151 2492 et
169 2448 372 2491 Galeano
392 2450 535 2504 legere
568 2455 723 2505 potest
751 2449 920 2506 ἐπίγειον.
978 2452 1068 2493 Sed
1090 2453 1229 2495 altera
1248 2465 1336 2494 vox
1358 2461 1436 2504 pe-

106 2504 332 2604 ”Ultiffiam
353 2507 648 2560 proculdubio
667 2508 891 2564 producit,
911 2522 1012 2552 cum
1040 2510 1100 2552 sit
1127 2515 1354 2612 contrariita
1376 2516 1434 2549 ex

260 2576 369 2620 urzp.
