1596 2824
319 72 537 99 ADDENDA
561 72 609 98 IN
635 70 766 98 noris
791 72 850 98 AD
873 70 1107 97 HECUBAM.
1326 60 1383 103 83

49 165 217 212 videtur,
248 172 288 203 et
316 172 409 217 post
435 167 571 206 ἐῶντες
591 164 789 211 addenda,
814 166 960 215 τρόπον,
993 164 1031 202 ὃς
1063 170 1181 202 πᾶσιν
1206 166 1382 214 εἴρηται.)

52 221 151 265 Quis
183 227 315 258 tamen
348 219 597 258 Atticismum
630 219 800 256 Eusebio
831 218 954 263 dabit,
988 217 1227 256 Philostrato
1246 218 1381 257 adem-

51 273 162 311 tum‘?
193 273 323 317 Quare
345 286 365 310 e
385 281 518 311 nostro
539 285 652 309 versu
666 272 844 309 existimo
857 272 1021 322 primum
1036 270 1229 309 excidisse
1249 276 1381 318 πάλιν,

52 325 196 365 deinde
217 326 400 376 aliquem,
423 333 465 363 ut
485 332 647 363 metrum
670 325 858 375 expleret,
877 328 985 372 λέγει
1005 324 1042 361 in
1063 328 1189 372 λέγων
1207 326 1286 363 ἔστι
1306 325 1384 364 dis-

51 380 230 418 traxisse.
280 379 371 417 Non
391 378 577 417 dissimile
609 383 683 423 est,
713 378 834 428 quod,
867 390 956 415 cum
982 379 1014 415 εἱ
1044 390 1114 428 pro
1149 376 1182 416 εἶ
1213 378 1383 429 cepisset

54 432 254 471 Harleiani
275 433 421 470 codicis
457 433 585 470 scriba
608 432 645 468 in
670 432 799 469 Orest.
841 432 974 476 1541„
1006 429 1122 468 δοκεῖς
1151 443 1320 481 sequens
1342 431 1383 469 in

52 486 167 525 δοκῶν
183 487 362 524 mutavit.
420 485 462 522 Si
481 486 567 536 quis
589 497 650 522 me
670 498 776 522 nunc
810 483 1023 529 accusabit,
1053 483 1159 535 quod
1189 484 1293 523 hanc
1313 498 1384 523 no-

52 547 134 578 tam
154 539 314 590 longam
342 545 381 577 et
400 539 506 576 taedii
527 538 682 589 plenam
717 537 887 582 fecerim,
907 537 1079 583 habebit,
1100 537 1206 588 quod
1227 545 1287 576 est
1317 551 1382 576 ac-

54 593 225 632 cusatori
246 592 412 630 maxime
433 592 664 642 optandum,
686 591 937 628 confitentem
958 603 1080 628 reum.
1137 590 1283 628 Verum
1303 605 1383 630 uno

54 645 233 697 exemplo
271 645 479 683 ostendere
513 645 706 690 volebam,
739 650 925 694 quantam
963 643 1055 680 mihi
1089 643 1269 691 lectores,
1304 658 1384 683 non

54 699 211 750 quidem
227 700 277 737 ob
298 711 357 743 ea,
380 711 468 748 quae
489 697 580 745 dixi,
601 697 670 735 sed
692 698 740 734 ob
762 710 809 735 ea
828 703 947 744 certe,
967 710 1056 747 quae
1076 699 1194 744 tacui,
1216 698 1384 749 gratiam

56 753 241 791 debeant.

110 805 229 850 Quod
263 818 312 844 ne
347 810 490 843 temere
528 804 673 842 dixisse
701 803 848 850 videar,
883 803 983 840 illud
1012 802 1130 840 modo
1162 803 1383 850 considera,

56 867 152 909 quot
171 859 288 896 verba
307 858 540 909 profundere
560 857 790 909 potuissem,
823 857 855 893 si
875 855 1004 894 locum
1025 856 1299 909 Aristophanis
1321 871 1387 896 su·

56 925 126 962 pra
144 912 305 951 citatum
329 911 422 949 Pac.
445 913 537 950 627.

214 966 280 1002 Ἐν
295 964 373 1018 δίκη
393 966 462 1016 μὲν
482 971 559 1011 οὐν,
582 968 664 1003 ἐπεί
684 980 735 1002 τοι
756 979 823 1009 την
840 967 951 1010 Κορών
955 968 1024 1000 εών
1044 966 1090 1011 γέ
1109 979 1183 1014 μου

217 1006 429 1067 Ἐξέκοψαι,
446 1022 491 1064 ἣν
506 1020 581 1066 ἐγὼ
597 1019 770 1068 ’φυτευσα
791 1017 1086 1067 κάξεθρεψάμην.

217 1071 277 1116 Νη
295 1072 363 1115 Δί’,
384 1076 411 1109 ὠ
426 1074 542 1121 μέλε’,
564 1071 711 1109 ἐνδίκως
733 1069 825 1115 δῆτά
847 1072 881 1117 γ’
900 1071 979 1107 ἐπεὶ
996 1071 1142 1118 κάμοῦ
1133 1069 1197 1107 'dv
1215 1072 1321 1109 λίθον

215 1124 471 1175 Ἐμβαλοντες
489 1124 711 1175 ἑξμέδιμνον
732 1123 899 1171 κυψέλην
918 1124 1134 1160 ἀπώλεσαν.

58 1178 90 1215 si
109 1177 213 1214 hunc
233 1178 350 1228 igitur
368 1178 495 1215 locum
518 1177 670 1228 plenius
701 1176 933 1222 attulissem,
967 1181 1006 1213 et
1026 1175 1171 1220 omnia,
1199 1189 1288 1227 quae
1309 1176 1385 1216 dici

58 1238 231 1282 possent,
254 1231 303 1269 ad
322 1244 402 1268 rem
423 1231 677 1281 pertinerent,
696 1243 834 1275 necne,
857 1241 1033 1274 securus,
1053 1230 1358 1288 congessissem.

112 1285 381 1335 Importunum
402 1284 499 1321 illud
534 1285 613 1330 τὸν,
633 1291 673 1321 et
703 1283 835 1321 sensui
861 1289 900 1320 et
933 1290 1056 1321 metro
1089 1282 1262 1329 noxium,
1283 1291 1388 1322 recte

59 1338 244 1376 omittunt
261 1338 444 1376 Brunckii
475 1337 553 1375 Ms.
574 1345 612 1375 et
635 1337 869 1378 Ravennas;
905 1335 1054 1373 dudum
1084 1336 1269 1374 omiserat
1287 1337 1389 1374 Jun-

58 1391 140 1428 tina
159 1391 349 1429 secunda.
408 1390 487 1428 Sed
506 1391 543 1428 in
565 1403 680 1428 versu
710 1389 988 1427 constituendo
1006 1388 1234 1439 longissime
1254 1402 1277 1427 a
1297 1402 1388 1428 vero

57 1444 250 1482 aberravit
271 1444 506 1483 Brunckius.
579 1444 697 1494 Lege,
731 1442 970 1492 transposita
995 1448 1149 1479 tantum
1180 1443 1388 1493 particula,

59 1497 118 1542 Νὴ
135 1498 203 1543 Δι’,
223 1497 249 1536 ὦ
267 1500 366 1546 μέλ’,
389 1497 533 1535 ἐνδίκως
550 1513 595 1545 γε
611 1497 684 1542 δῆτ’
699 1498 779 1533 ἐπεὶ
800 1498 914 1544 κάμοῦ
931 1498 1053 1533 λίθον.
1101 1494 1181 1532 Sed
1197 1495 1302 1533 aliud
1323 1496 1387 1535 hic

57 1559 193 1589 restat.
251 1551 351 1588 Nam
374 1550 403 1587 si
426 1551 558 1588 sensui
588 1555 705 1588 nocet
724 1549 911 1587 articulus
942 1550 1020 1594 τὸν,
1055 1554 1170 1585 nocet
1191 1548 1307 1586 etiam
1326 1563 1387 1588 ar-

58 1604 202 1642 ticulus
223 1606 288 1650 τὴν
309 1616 438 1654 supra,
460 1610 504 1641 ut
534 1603 690 1641 additus
722 1611 882 1641 noceret
912 1602 1014 1638 infra
1045 1608 1135 1639 ante
1170 1600 1388 1651 ἑξμέδιμνον

59 1658 240 1706 κυψέλην.
297 1657 401 1707 Lege
433 1657 564 1707 igitur,
592 1659 673 1694 ἐπεί
705 1673 759 1694 τοι
788 1658 846 1693 καὶ
879 1656 1067 1704 κορώνεών
1087 1659 1133 1701 γέ
1152 1670 1238 1704 μου.
1286 1656 1389 1695 Vide

61 1724 148 1761 quae
170 1711 250 1748 dixi
281 1710 330 1747 ad
353 1710 460 1748 Med.
485 1711 577 1748 675.
599 1717 639 1748 et
665 1708 766 1747 adde
798 1708 1017 1760 exemplum
1038 1720 1058 1744 e
1079 1707 1212 1746 Schol.
1247 1708 1388 1748 Venet.

61 1764 111 1801 ad
134 1764 245 1802 Iliad.
268 1764 319 1801 Ν.
341 1765 431 1801 513.
464 1765 544 1801 ἐπεὶ
575 1765 632 1800 καὶ
652 1768 715 1801 τοῦ
745 1763 938 1813 Οἰνομάου
966 1762 1148 1807 ἐξέσπασε
1168 1762 1206 1799 τὸ
1225 1760 1309 1809 δόρυ
1330 1767 1390 1801 καὶ

61 1822 123 1854 τοῦ
141 1817 378 1865 Ὀθρυονέως.
424 1816 502 1854 Sed
523 1823 563 1855 et
582 1817 634 1854 ibi
650 1816 729 1854 MS.
749 1816 1021 1853 Townleianus
1041 1816 1121 1851 ἐπεί
1150 1830 1204 1851 τοι
1235 1817 1292 1852 καὶ
1325 1823 1390 1855 τοῦ

63 1871 129 1909 Οἱ.
176 1871 264 1908 Jam
298 1876 472 1920 poteram
507 1870 631 1907 multa
662 1869 711 1907 de
739 1873 830 1917 μέλε
861 1867 965 1919 apud
997 1867 1150 1904 Atticos
1181 1867 1389 1919 disyllabo,

61 1936 262 1974 nunquam
282 1923 710 1974 trisyllabo;pote1am
738 1934 816 1959 non
852 1934 977 1973 pauca
1004 1921 1053 1957 de
1074 1921 1260 1972 dactylo'
1252 1936 1291 1959 in
1311 1930 1391 1962 tro-

63 1977 218 2015 chaicos
239 1990 287 2014 ne
310 1989 332 2014 a
353 1976 523 2014 Cornicis
545 1975 716 2027 quidem,
737 1975 811 2012 nisi
828 1975 864 2012 in
879 1973 1044 2026 propriis
1062 1974 1299 2023 nominibus,
1320 1976 1390 2014 ad-

62 2030 206 2073 misso;
241 2037 417 2080 poteram
461 2029 630 2082 denique
667 2028 848 2080 quaedam
881 2028 929 2066 de
958 2027 1119 2065 vocibus
1159 2028 1390 2078 ἑκμὲὃιμνον,

66 2083 283 2143 &Epe'fitptffov
316 2090 355 2120 et
383 2082 627 2135 ἑξαμὲὃιμνον
660 2082 889 2121 edisserere.
959 2080 1038 2118 Sed
1072 2080 1155 2127 tibi,
1184 2081 1317 2129 lector,
1351 2092 1391 2122 et

65 2136 228 2188 tempori
248 2145 315 2175 tuo
331 2149 503 2189 parcam,
