1606 2803
297 113 712 145 SUPPLEMENTUM
750 115 817 145 AD
854 115 1245 147 PRAEFATIONEM.
1361 108 1447 150 ΧῙΧ

107 221 274 260 tantum
294 218 434 265 innui,
456 218 526 261 hic
548 219 777 273 aliquanto
808 218 950 261 fusius
973 233 1206 274 exsequar.
1267 220 1316 262 Si
1339 222 1446 264 Tra-

106 276 193 330 gici
224 279 269 316 et
289 274 440 331 δόρομαι
470 281 513 318 et
535 276 706 332 ὀδύρομαι
740 277 839 330 pari
865 277 966 330 jure
1002 278 1212 319 adhibere
1244 287 1446 332 possent,

105 346 200 374 eam
223 337 337 375 certe
366 334 569 386 formam,
605 334 723 375 unde
752 335 1025 377 numerosior
1048 349 1201 376 versus
1223 337 1448 388 evaderet,

107 391 334 444 praelaturi
357 398 524 433 essent.
588 391 753 432 Eadem
777 397 999 445 praeterea
1018 394 1133 434 ratio
1150 394 1296 435 locum
1316 395 1448 436 habet

106 448 153 488 in
193 449 339 491 verbis
383 447 587 505 ὀμόργνυμι
630 454 676 491 et
714 447 919 505 μόςγνυμι.
980 448 1213 505 Aristoph.
1250 450 1445 494 Acharn.

268 562 393 604 ‘'’ssffr
414 561 488 618 ἐγω
509 564 555 617 μὲ
560 581 576 604 ν
594 562 737 614 ἠλέησα
756 562 1052 621 κάπομορέἇμην
1073 564 1168 606 ἰδών.

107 619 200 661 Aut
228 628 509 674 augmentum
546 622 774 672 omissum,
811 628 886 664 aut
917 623 1142 676 spondeus
1174 623 1219 664 in
1246 623 1445 677 quintum

106 678 257 719 locum
289 679 524 720 admissus.
584 680 661 720 Sic
694 683 843 721 tamen
879 680 1040 722 habent
1074 694 1243 731 omnes,
1279 681 1447 747 opinor,

107 735 344 785 editiones,
379 742 424 778 et
456 737 620 778 Suidas
651 737 828 778 v.‘'.{2<51·'
849 735 924 793 ἐγω
953 735 1034 790 μέν.
1096 738 1332 788 Kusterus,
1369 740 1445 792 qui

106 792 367 846 vulgatam
356 808 400 834 in
423 798 552 835 textu
574 807 658 835 suo
679 795 941 848 scripturam
963 795 1156 849 reliquit,
1186 796 1230 836 in
1252 799 1446 837 tractatu

108 855 258 891 tamen
299 850 352 891 de
388 851 553 892 Veibis
593 851 748 892 mediis
793 856 914 893 recte
958 852 1115 894 scribit
1163 852 1445 907 ἀπεμορξάμην.

107 906 275 962 [xxvii]
309 908 364 949 Et
384 922 491 950 sane
523 910 586 950 ita
619 909 856 962 legendum
887 913 960 951 est
991 923 1046 951 ex
1070 910 1171 963 ipso
1202 911 1340 952 Suida
1370 924 1445 952 ea-

107 965 273 1006 demin
290 979 415 1015 voce,
437 967 514 1007 ubi
534 966 641 1008 ordo
658 968 890 1008 verborum
911 980 1060 1009 veram
1082 967 1322 1009 lectionem
1342 981 1448 1009 con-
1487 971 1493 978 ⁸

106 1022 316 1065 servavit.
377 999 528 1077 A'tque
553 1024 709 1065 eadem
728 1025 865 1066 lectio
891 1024 985 1078 jffln
1016 1025 1256 1066 exstabat
1246 1039 1288 1066 m
1309 1026 1446 1067 tribus

107 1079 389 1122 Scholivorum
409 1081 698 1131 editionibus,
721 1080 901 1131 Aldina,
918 1081 947 1123 J
952 1082 1124 1130 untina,
1143 1082 1447 1135 Frobeniana;

108 1139 299 1179 mutavit
319 1139 499 1188 Portus,
522 1143 765 1180 mutantem
785 1143 969 1180 secutus
991 1143 1060 1180 est
1082 1138 1322 1181 Kusterus.

166 1195 258 1236 Sed
281 1196 337 1237 ad
366 1197 662 1250 quaestionem
693 1196 970 1250 propositam
1002 1196 1152 1238 redeo.
1214 1196 1449 1239 Gramma-

109 1252 294 1294 tinorum
334 1252 615 1308 quorundam
654 1257 748 1295 erat
788 1254 939 1304 σπουδὴ,
979 1254 1074 1294 sive
1106 1255 1256 1294 παιδιὰν
1295 1267 1446 1304 vocaS,

108 1322 263 1352 versus
285 1312 478 1352 scribere
500 1311 634 1360 tales,
659 1315 707 1351 ut
729 1311 913 1365 singulae
937 1311 1134 1364 dipodiae
1155 1312 1339 1364 integris
1370 1325 1448 1353 vo-

111 1366 239 1408 cibus
283 1369 352 1409 vel
392 1370 738 1418 continerentur,
779 1369 852 1409 vel
892 1369 1051 1410 saltem
1102 1370 1451 1411 terminarentur.

111 1423 352 1467 Athenaeus
374 1439 420 1467 X.
443 1439 487 1479 p.
517 1426 618 1467 454.
652 1425 702 1466 F.
750 1423 797 1465 Τό
828 1426 864 1466 δὲ
898 1423 1157 1497 Καστορίωνος
1187 1430 1252 1466 τοῦ
1284 1424 1448 1476 Σολέως,

109 1482 156 1527 ὠς
178 1484 194 1521 ὁ
220 1481 425 1552 Κλέαρχος
443 1481 569 1532 φησὶν,
594 1484 640 1530 εἷς
661 1483 721 1523 τὸν
744 1485 857 1523 Ποῖνα
885 1481 1029 1536 ποίημα
1058 1483 1219 1524 τοιοῦτόν
1249 1486 1344 1526 ἐστι.
1377 1488 1448 1524 τῶν

108 1537 262 1579 ποδῶν“
244 1557 402 1587 ἕκαστος
421 1539 594 1610 <potius
617 1540 854 1592 legendum
877 1539 1041 1595 στίχων)
1071 1538 1167 1588 ὅλοις
1197 1539 1351 1593 ὀνόμασι
1382 1557 1447 1580 πε-

111 1597 364 1651 ςιειλημμένος
383 1596 527 1668 ποίντάς
550 1597 680 1647 ὁμοίως
699 1597 939 1651 ἡγεμονικοὺς
960 1614 1023 1637 και
1045 1596 1386 1648 ἀκολουθητικους”
1367 1615 1447 1654 εχει

107 1652 190 1701 τοὺς
211 1653 322 1704 πόδας
343 1655 415 1711 (τοὶ
435 1653 558 1710 μέτρα
581 1656 652 1696 vel
672 1657 741 1702 τοὶς
761 1652 921 1702 διποδῖας
943 1657 1197 1697 accuratius
1221 1655 1448 1710 dixisset),

111 1709 194 1762 οἷον,

284 1768 337 1811 Σὲ
360 1769 420 1809 τὸν
442 1767 568 1820 βάλοις
595 1767 602 1823 Ι
629 1768 857 1824 νιφοκτύποις
884 1768 891 1826 Ι
917 1769 1162 1825 δυσχείμερον

282 1825 429 1867 Ναίονθ’
451 1824 525 1874 ἕδος
550 1829 557 1880 Ι
585 1826 753 1882 θηρονόμε
776 1825 859 1867 Ποέν
884 1829 888 1877 Ι
910 1827 1017 1900 χθόν’
1036 1826 1227 1882 Ἀρκαδων

287 1882 435 1939 Κλῆσω
454 1899 505 1956 ’γρ
510 1887 583 1940 αφῇ
608 1885 614 1935 Ι
638 1885 716 1939 τῇδ’
738 1887 772 1924 ἐν
792 1885 893 1937 σοφῇ
920 1887 927 1938 Ι
953 1882 1163 1939 πάγκλειτ’
1184 1884 1247 1934 ἔπη

284 1940 411 1984 Συνθε
385 1959 430 1988 -ις
449 1902 545 1990 ἄναξ
565 1926 574 1991 Ι
600 1926 826 1995 δύσγνωστα
845 1943 897 1994 μὴ
924 1940 932 1996 Ι
958 1955 1082 1993 σοφοις
1102 1940 1259 2023 κλύειν,κε

282 1997 505 2038 ΙΙΙουο-οπολε
522 1994 582 2051 θηρ
608 1998 614 2050 Ι
640 1997 847 2053 κηρόχυτον
867 1996 904 2046 ὃς
929 1999 935 2051 Ι
959 2016 1006 2050 με
1011 1998 1134 2053 ιλιγμ’
1156 2002 1182 2039 ἴε
1184 1997 1259 2046 ιςῘκε

112 2054 187 2095 Sic
222 2054 335 2108 lege,
369 2061 415 2096 et
447 2056 756 2106 interpretare,
793 2058 806 2076 ‘
829 2054 922 2106 Qui
958 2056 1194 2097 melodiam
1233 2070 1257 2096 e
1297 2055 1447 2099 fistula

111 2111 226 2152 ceris
249 2117 486 2166 compacta
503 2111 708 2153 excitas?
770 2112 950 2163 Verum,
969 2114 1007 2154 si
1022 2126 1177 2154 versus
1197 2113 1310 2154 istos
1328 2120 1446 2155 recte

110 2169 322 2220 metieris,
342 2169 630 2222 Tragicorum
652 2169 810 2222 regulae
832 2182 969 2210 unum
990 2170 1123 2211 modo
1139 2169 1445 2212 adversantem

108 2227 314 2279 reperies.
356 2226 586 2268 Secundus
601 2226 733 2276 enim,
754 2230 935 2280 quartus
956 2230 998 2268 et
1019 2227 1200 2281 quintus
1228 2228 1448 2281 pertinent

111 2282 166 2323 ad
181 2296 397 2325 caesuram
415 2282 499 2332 Ba,
520 2283 676 2324 tertius
689 2283 745 2324 ad
762 2282 848 2324 Ad.
887 2283 975 2324 Sed
990 2284 1120 2337 primi
1134 2283 1322 2325 similem
1335 2284 1446 2326 Tra-

110 2339 210 2392 gico
232 2341 424 2382 scribere
448 2353 687 2393 nunquam,
708 2344 756 2381 ut
775 2339 946 2393 opinor,
970 2341 1229 2394 permissum
1250 2345 1356 2382 erat.

169 2394 278 2438 Non
296 2411 413 2439 eram
433 2398 626 2447 nescius,
648 2409 749 2438 cum
769 2396 881 2438 hanc
901 2398 1095 2451 regulam
1108 2398 1255 2451 posui,
1273 2411 1445 2452 paucas

154 2541 190 2582 [ἐ
213 2541 249 2573 L.
262 2541 322 2580 ἵης.
369 2542 462 2580 Quod
486 2541 569 2573 enim
592 2542 746 2575 Porsonus
765 2541 806 2575 ad
821 2542 925 2575 Orest.
949 2545 1022 2575 141.
1045 2543 1085 2575 de
1107 2543 1202 2576 τιθεῖς
1225 2542 1344 2584 docuit,
1364 2541 1447 2574 valet

110 2585 203 2617 etiam
219 2587 258 2617 de
273 2586 339 2619 ἱεῖς.
386 2588 428 2617 G.
444 2586 491 2618 H.
508 2586 561 2628 S.]
