1565 2834
556 105 923 154 ΜΗΔΕΙΑ.

1368 105 1435 159 19

110 249 208 304 ΝῙη.
237 239 300 295 αῖ
318 239 385 294 αἶ·
417 242 492 295 διά
518 267 608 313 μου
635 249 851 310 κεφαλᾶς
878 242 1000 311 φλὸξ
1029 244 1208 316 οὐρανία

111 375 208 413 ἡδέως
228 376 336 415 Ἔχων
361 375 506 414 ἐμαυτοῦ.
551 375 671 406 Verum
698 375 754 405 ad-

107 420 212 450 denda
241 424 331 450 erant
357 419 522 459 sequentia
552 419 655 453 verba,
683 428 752 459 quae

107 469 240 503 quatuor
253 462 392 493 senarios
408 462 600 502 explebunt:
632 459 753 498 Μνησί-

107 509 175 537 θεος
189 505 252 546 ’γάρ
263 512 342 545 φησι
365 506 429 536 δεῖν
453 503 583 544 Φεύγειν
610 502 755 535 ἁπάντων

105 548 164 580 τὰς
180 549 356 589 ὑπερβολὰς
372 548 429 579 ἀεί.
476 548 551 578 Non
569 548 653 577 enim
677 547 754 589 po'e-

106 597 154 622 tas
170 593 271 622 solu'rn
288 592 388 622 citant
404 596 526 622 veteres
549 591 672 627 comici,
698 591 756 620 sed

107 635 204 667 etiam
219 635 286 665 ludi
305 634 434 675 jocique
458 645 553 664 causa
577 634 678 664 omnis
702 645 755 674 ge-

108 678 192 708 neris
218 677 399 717 scriptores.
444 677 490 708 Ut
510 677 658 707 brevitati
681 687 755 707 con-

109 721 224 755 sulam,
241 730 303 750 uno
318 720 465 759 exemplo
477 721 644 760 defungar,
660 719 756 760 idque

111 774 149 793 ex
168 764 320 793 Athenaeo
334 764 407 803 ipso
423 762 571 804 deligam,
587 763 630 792 ix.
642 774 672 803 p.
683 765 758 794 377.

113 806 149 836 F.
167 807 346 846 Sosipater:
386 806 431 836 Οὐ
446 808 609 837 παντελῶς
625 806 757 837 εὐκατα-

113 847 269 890 φρόνητος
291 848 311 885 ἡ
334 847 445 887 τέχνη,
459 849 522 879 ’Ἦν
548 848 756 889 κατανοήσῃς,

116 890 206 923 ἐστὶν
222 891 317 930 ἡμῶν,
334 889 475 929 Δήμυλε,
491 891 608 932 [Immo
621 891 761 929 Δημύλε.

114 934 154 964 V.
172 935 273 965 Bastii
289 934 425 974 Epistol.
442 933 522 964 Crit.
536 944 567 974 p.
583 937 658 965 213.
673 944 715 963 ss-
727 939 761 964 et

113 983 181 1008 not.
196 976 237 1007 ad.
253 977 385 1016 Gregor.
403 976 550 1007 Corinth.
565 987 596 1016 p.
612 979 688 1007 290.
714 977 759 1008 G.

115 1021 162 1051 H.
174 1020 209 1051 S.
250 1019 354 1050 Ἀλλὰ
375 1019 530 1050 πέπαυται
552 1018 591 1049 τὸ
616 1019 756 1059 πρᾶγμα,

111 1062 162 1094 καὶ
177 1074 293 1094 παντες
308 1061 426 1100 σχεδὸν
440 1061 525 1093 Εἶναι
541 1059 682 1102 μάγειροί
697 1068 756 1101 φα-

113 1117 174 1141 σιν,
191 1104 281 1137 οὐθὲν
296 1104 424 1138 εἰδότες.
470 1106 535 1136 Ubi
552 1116 620 1136 cum
640 1104 758 1136 πέπαυ-

111 1161 163 1180 ται
178 1154 287 1190 aperte
302 1153 438 1179 metrum
452 1149 556 1184 vitiet,
571 1148 605 1178 in
621 1149 760 1188 margine

114 1191 241 1233 quidem
257 1191 423 1232 πέπραται,
438 1192 471 1222 in
483 1191 762 1221 animadversioni-

114 1236 174 1266 bus
190 1244 266 1266 vero
282 1234 403 1275 οἴχεται
418 1245 450 1275 p.
464 1237 540 1265 654.
556 1235 684 1276 conjicit
699 1234 761 1265 Ca-

116 1278 287 1308 saubonus.
327 1278 418 1308 Prius
434 1277 569 1308 adscivit
584 1277 716 1308 Grotius
730 1277 764 1307 in

117 1320 283 1361 Excerptis
310 1332 341 1361 p.
367 1324 442 1353 887.
479 1320 609 1350 Nollem
634 1321 766 1351 factum.

113 1364 267 1396 Ἐνταῦθα
290 1362 352 1405 ’γάρ
379 1376 428 1395 τοι
453 1362 557 1395 πάντα
578 1363 765 1405 τάνθρώπων

118 1408 216 1443 νοσεῖ,
248 1409 363 1439 Κακοῖς
392 1407 469 1438 ὅταν
502 1407 635 1438 θέλωσιν
663 1408 766 1439 ἰᾶσθαι

120 1449 214 1482 κακά.
257 1450 402 1482 Secunda
417 1450 534 1491 quippe
556 1451 589 1480 in
612 1450 766 1491 πέπραται

119 1493 314 1534 producitur.
368 1493 480 1524 Altera
510 1494 691 1535 conjectura
718 1494 767 1524 ni-

119 1537 180 1566 mis
196 1537 289 1577 longe
312 1536 351 1567 ab
374 1537 512 1577 antiquae
535 1537 681 1568 lectionis
698 1547 767 1568 ves-

117 1578 201 1619 tigiis
217 1579 347 1611 recedit.
382 1580 581 1620 Legendum,
598 1581 684 1610 nulla
700 1581 767 1611 fere

120 1622 306 1658 mutatione,
346 1622 450 1654 Ἀλλὰ
494 1627 694 1654 ΠΕΠΛΥΤΑΙ
731 1622 769 1653 τὸ

122 1665 262 1705 πρᾶγμα.
293 1665 415 1695 Eodem
429 1676 525 1696 sensu
540 1666 621 1696 dixit
637 1666 766 1697 AEschi-

121 1718 180 1738 nes
217 1708 477 1741 καταπεπλύσθαι
513 1714 622 1739 contra
660 1708 766 1740 Ctesi-

122 1751 232 1790 phont.
248 1763 281 1793 p.
296 1754 371 1784 434.
382 1751 432 1782 ed.
447 1752 575 1793 Taylor.
586 1752 732 1783 laudatus
749 1762 767 1782 a

121 1792 253 1825 Polluce
275 1795 329 1825 vii.
353 1798 405 1826 38.
425 1795 479 1835 qui
493 1800 647 1835 praeterea
662 1795 767 1831 docet,

123 1837 323 1868 meretricem
349 1839 566 1878 pervulgatam
590 1838 699 1876 πλύμα
712 1848 768 1868 vo-

121 1880 198 1910 cari.
243 1880 372 1920 Integer
400 1880 489 1910 locus
519 1880 568 1911 hic
598 1886 664 1911 est:
693 1880 770 1912 τότε

123 1921 182 1960 μὲν
196 1921 235 1960 ἣν
250 1922 366 1953 σπάνια
380 1923 422 1954 τὰ
437 1923 520 1954 καλὰ
534 1924 604 1963 παρ’
620 1923 702 1962 ἡμῖν,
719 1923 770 1955 καὶ

122 1964 161 1995 τὸ
184 1967 242 2003 τῆς
266 1966 377 2007 ἀρετῆς
401 1965 497 2005 ὄνομα
521 1965 635 2003 τίμιον·
665 1967 719 1997 νῦν
745 1968 769 1998 δ’

124 2008 183 2046 ἤδη
199 2008 443 2040 καταπέπλυται
455 2009 493 2039 τὸ
505 2010 644 2049 πρᾶγμα,
667 2010 716 2040 καὶ
731 2010 770 2040 τὸ

127 2052 305 2091 στεφανοῦν
322 2053 354 2091 ἐξ
370 2051 468 2087 ἔθους,
486 2051 559 2082 ἀλλ’
576 2053 632 2082 οὐκ
648 2053 682 2083 ἐκ
697 2065 769 2093 προ-

124 2093 208 2125 νοίας
230 2096 379 2126 ποιεῖσθε.
424 2094 487 2125 Sed
510 2095 549 2124 ad
573 2096 769 2135 propositum

127 2137 304 2168 redeamus.
360 2137 585 2177 Theopompus
626 2138 773 2168 Comicus

127 2180 255 2210 Althaea
272 2180 312 2211 xi.
326 2190 357 2220 p.
368 2183 441 2211 502.
456 2179 497 2209 A.
509 2180 658 2215 Λαβοῦσα
670 2181 773 2220 πλήρη

128 2222 269 2264 χρυσέαν
281 2223 484 2262 μεσόμφαλον
496 2221 623 2260 Φιάλην.
650 2224 700 2254 Sic
718 2234 775 2265 pro

129 2265 271 2305 χρυσέων
294 2266 373 2305 legit
393 2265 560 2295 Piersonus
583 2266 622 2295 ad
647 2266 774 2298 Moerin

129 2319 161 2348 p.
178 2311 252 2340 413.
274 2310 391 2338 rectius
415 2318 509 2347 quam
526 2308 774 2340 Valckenaerius

130 2351 170 2382 ad
187 2351 340 2381 Herodot.
364 2351 412 2381 iii.
428 2354 500 2381 130.
515 2350 665 2391 χρυσίων.
711 2353 774 2383 Sed

129 2395 253 2435 gravius
283 2393 398 2424 erravit
425 2393 545 2423 ibidem
575 2394 774 2426 Valckenae-

129 2438 205 2472 rius,
218 2437 295 2466 dum
308 2437 390 2466 hunc
406 2446 530 2466 versum
553 2446 610 2476 pro
626 2442 774 2469 tetrame-

132 2485 179 2509 tro
200 2479 363 2509 venditat:
395 2480 554 2515 AaBofio'a.
570 2478 676 2520 πλήρη
700 2493 773 2522 χρυ-

134 2521 207 2552 σίων
221 2520 427 2562 μεσόμφαλόν
441 2532 480 2559 ’γε
496 2520 624 2561 φιάλην.
668 2524 774 2555 Primo

132 2565 216 2594 istud
231 2575 269 2604 *ys
287 2565 364 2594 nulli
389 2565 457 2593 usui
480 2564 618 2600 inservit,
643 2574 772 2605 praeter-

132 2617 226 2647 quum
249 2606 407 2647 explendo
432 2611 542 2637 metro.
588 2607 712 2640 Deinde
739 2611 774 2640 fi-

133 2651 237 2681 nalem
254 2649 426 2680 tetrametri
449 2650 575 2681 iambici
598 2653 774 2684 catalectici

796 375 950 416 syllabam
977 386 1101 417 semper
1128 376 1288 418 praecedat
1314 381 1439 420 oportet

796 418 928 454 iambus,
943 419 1006 449 nisi
1020 420 1052 449 in
1068 420 1195 461 proprio
1211 422 1339 452 nomine
1353 434 1361 460 3
1385 423 1441 454 ubi

796 461 965 499 interdurn,
982 463 1038 492 sed
1062 473 1142 498 ram,
1169 463 1344 496 admittitur
1366 475 1439 497 ana-

799 510 926 545 paestus,
951 510 984 535 ut
1006 505 1039 535 in
1067 505 1229 546 Aristoph.
1248 507 1440 549 Thesmoph.

797 551 871 579 554.
918 549 1100 588 Sequuntur
1121 549 1155 579 in
1176 550 1352 583 Athenaeo:
1385 557 1440 583 Τε-

797 590 915 628 λεστὴς
940 591 1054 631 [Scrib.
1078 591 1248 630 Τελέστης.
1274 595 1317 624 G.
1332 595 1379 626 H.
1393 595 1445 636 S.]

798 635 823 664 δ’
834 633 968 674 ἄκρατον
983 633 1140 673 ὠνόμαζεν
1152 635 1192 666 ἵν’
1203 636 1243 667 ὡς
1255 638 1312 668 τοῦ
1321 643 1442 670 Τελεσ·

796 678 854 708 τοῦ
885 677 999 717 [scrib.
1028 678 1199 710 Τελέστου.
1242 680 1284 711 G.
1313 681 1361 712 H.
1387 682 1440 724 S.]

799 720 934 761 ἄκρατον
948 720 1007 758 τὴν
1029 720 1149 760 φιάλην
1172 721 1340 763 εἰρηκότος.
1384 725 1442 755 Al-

799 764 858 793 dus
875 764 991 793 omittit
1012 763 1061 795 i'v’.
1111 765 1196 795 Bene
1216 776 1288 795 vero
1315 768 1357 797 sit
1381 768 1441 798 Ca-

800 807 950 842 saubono,
967 807 1021 846 qui
1037 818 1054 837 e
1072 807 1152 838 Mss.
1164 808 1333 839 addiderit.
1362 810 1443 841 Sunt

799 850 885 880 enim
901 850 964 879 ‹luo
986 850 1111 885 senarii,
1135 852 1163 881 si
1189 851 1280 882 modo
1306 854 1444 884 maculas

799 893 977 932 abstergas:
1004 895 1156 929 Λαβοῦσα
1177 894 1281 934 πλήρη
1306 895 1445 936 χρυσέαν

798 934 1008 974 μεσόμφαλον
1018 935 1147 973 Φιάλην·
1160 939 1319 975 Τελεστὴς
1331 939 1445 979 [Scrib.
1491 961 1498 969 x

799 976 969 1015 Τελέστης.
999 979 1041 1009 G.
1058 980 1105 1009 H.
1119 980 1172 1021 S.]
1198 981 1222 1011 δ’
1239 980 1357 1012 ἄκατον
1371 981 1444 1014 ὠνό-

796 1019 882 1059 μαζέ
910 1032 967 1051 νιν.
1013 1021 1140 1052 Deinde
1156 1023 1245 1053 addit
1259 1023 1448 1066 Athenaeus,

797 1063 949 1093 Telesten
992 1063 1277 1106 (dithyrambicum
1319 1068 1445 1108 poetam

799 1106 940 1147 scilicet)
957 1107 1075 1138 ἄκατον
1097 1108 1214 1139 dixisse
1239 1120 1295 1149 pro
1316 1111 1444 1150 φιάλην.

802 1149 900 1179 Erant
913 1154 1019 1180 autem
1033 1152 1135 1182 multa
1149 1153 1233 1193 apud
1250 1152 1378 1185 Graecos
1390 1166 1446 1186 no-

802 1193 898 1228 mina,
922 1193 1118 1233 navigiorum
1134 1200 1166 1225 et
1186 1196 1372 1236 poculorum
1388 1198 1451 1239 [it.

803 1245 946 1266 vasorum
975 1237 1047 1267 aliis
1076 1238 1184 1268 usibus
1209 1239 1446 1278 destinatorum,

804 1279 897 1318 quale
914 1284 964 1309 est
979 1279 1060 1318 ἀμίς,
1085 1281 1170 1322 quod
1193 1292 1310 1313 nornen
1334 1294 1447 1315 navem

806 1322 988 1362 significans
1003 1328 1077 1364 post
1093 1324 1238 1365 AEschyli
1261 1331 1389 1358 aetatem
1403 1328 1450 1358 vi-

805 1365 899 1395 detur
914 1366 1116 1397 obsolevisse.
1131 1367 1174 1397 G.
1184 1367 1232 1398 H.
1240 1368 1294 1409 S.]
1310 1379 1450 1402 commu·

805 1407 869 1444 nia,
886 1409 991 1448 qualia
1005 1413 1079 1439 sunt
1092 1411 1223 1450 Ύαῦλος,
1238 1410 1356 1452 κύμβη,
1377 1412 1449 1446 κάν·

806 1454 906 1491 θαρος,
921 1451 1058 1493 τριήρης,
1078 1458 1110 1484 et
1134 1463 1198 1484 non
1221 1455 1363 1486 absimile
1379 1469 1450 1498 καρ-

807 1493 933 1534 χήσιον.
959 1495 1108 1536 Epitome
1125 1496 1269 1528 Athenaei
1286 1499 1371 1539 apud
1387 1501 1449 1531 Ca-

808 1539 942 1568 saubon.
959 1538 1129 1569 Animadv.
1145 1539 1185 1571 xi.
1202 1543 1234 1571 4.
1250 1551 1282 1581 p.
1306 1544 1380 1573 782.
1395 1546 1448 1575 62.

803 1580 950 1612 ’Άκατοςκ
962 1581 1110 1622 ποτήριον
1126 1582 1225 1614 ἐοικὸς
1238 1585 1348 1624 πλοῖῳ.
1370 1586 1453 1617 Pos-

809 1629 909 1654 tremo
924 1624 1116 1661 observabis,
1131 1625 1374 1668 Theopompum
1389 1634 1452 1660 tra-

807 1666 910 1707 gicam
925 1668 1108 1707 gravitatem
1131 1668 1292 1707 affectare,
1315 1670 1449 1713 ideoque

805 1710 933 1749 tragicis
947 1710 1054 1740 formis
1068 1712 1208 1750 χρυσέαν
1222 1717 1254 1741 et
1268 1725 1315 1744 νιν
1329 1715 1387 1746 uti.

849 1752 909 1783 XI.
944 1752 1043 1793 Vulgi
1072 1754 1313 1793 superstitiones
1348 1757 1457 1790 ridens

809 1795 960 1827 Clemens
976 1795 1208 1827 Alexandrinus
1224 1798 1337 1829 Strom.
1353 1801 1405 1831 vii.
1420 1812 1454 1842 p.

809 1841 884 1870 842.
907 1842 939 1869 4.
962 1837 1086 1870 εἰκότως
1104 1838 1210 1871 τοίνυν
1232 1841 1452 1883 δεισιδαίμονες

809 1880 878 1922 περὶ
891 1880 966 1912 τοὺς
983 1882 1171 1921 εὐορὙήτους
1191 1884 1364 1924 γενόμενοι,
1380 1887 1456 1919 πάν·

810 1937 852 1955 τα
867 1926 982 1964 σημεῖα
996 1924 1147 1964 ἡγοῦνται
1171 1925 1246 1958 εἶναι
1265 1929 1306 1960 τὰ
1321 1931 1452 1970 συμβαί-

811 1979 915 2003 νοντα,
932 1967 983 1998 καὶ
998 1970 1102 1999 κακῶν
1124 1968 1217 2000 αἴτια·
1241 1971 1296 2003 ἐὰν
1312 1975 1370 2011 μῦς
1394 1976 1455 2006 διο-

810 2009 882 2051 ρύξῃ
899 2010 1005 2049 βωμὸν
1021 2010 1098 2042 ὄντα
1111 2011 1253 2049 πήλινον·
1268 2015 1337 2052 κᾶν,
1359 2017 1455 2056 μηδὲν

813 2053 895 2084 ἄλλο
911 2054 1004 2094 ἔχων,
1020 2053 1170 2097 διατράγῃ
1186 2057 1344 2094 ληκύθιον·
1361 2060 1455 2093 ἀλεκ-

812 2097 910 2136 τρυὼν
934 2097 1133 2137 τρεφόμενος,
1160 2099 1214 2130 ἐὰν
1239 2100 1299 2131 ἀπὸ
1323 2103 1456 2144 ἑσπέρας

814 2139 885 2181 ᾄσῃ,
910 2140 1062 2179 τιθέμενοι
1087 2142 1182 2172 τοῦτο
1208 2146 1337 2183 σημεῖον
1361 2146 1454 2179 τινός.

816 2183 857 2212 Et
873 2182 921 2212 hic
937 2183 1057 2214 latuere
1073 2189 1206 2224 quatuor
1229 2188 1340 2218 comici
1367 2200 1456 2220 sena-

815 2225 865 2260 rii,
883 2226 939 2255 sed
955 2226 1066 2256 leviter
1088 2230 1236 2268 corrupti,
1261 2230 1307 2261 ita
1331 2232 1456 2273 legendi

817 2273 850 2298 et
865 2267 1081 2309 distinguendi
1094 2282 1101 2299 ε
1115 2269 1178 2301 ’Ἢν
1188 2273 1246 2309 μῦς
1261 2274 1380 2314 διορύξη
1395 2278 1457 2311 βω-

816 2309 877 2349 μὸν
892 2309 968 2341 ὄντα
991 2311 1133 2349 πήλινον,
1161 2315 1238 2351 Κᾶν,
1263 2308 1369 2353 μηδὲνΔ
1385 2318 1457 2349 ἄλλ’

820 2353 911 2392 ἔχων,
930 2354 1081 2397 διατράγῃ
1098 2354 1241 2389 θύλακον·
1264 2360 1459 2402 Ἀλεκτρυὼν

818 2395 1007 2436 τρεφόμενος
1021 2397 1061 2435 ἢν
1076 2399 1129 2438 ἀφ’
1146 2400 1277 2441 ἑσπέρας
1285 2402 1390 2445 ”Αιο“ῃ,
1414 2417 1459 2435 τι·

819 2438 940 2478 θέμενοι
954 2441 1048 2471 τοῦτο
1075 2444 1203 2479 σημεῖον
1225 2444 1318 2476 τινός.
1364 2448 1460 2483 Quod

818 2482 952 2517 restitui,
968 2482 1113 2521 θύλακον,
1130 2491 1162 2516 et
1176 2493 1308 2517 metrum
1332 2491 1462 2521 resarcit

818 2530 850 2555 et
860 2526 1090 2566 sensumjuvat.
1115 2528 1166 2558 Sic
1176 2530 1273 2559 etiam
1283 2541 1352 2560 mox
1363 2533 1459 2563 Bion:

817 2566 890 2598 τίδὲ-
906 2568 955 2598 nal
971 2569 1159 2607 θαυμαστὸν,
1184 2571 1210 2602 εἷ
1224 2573 1240 2602 ὁ
1253 2574 1311 2610 μῦς
1330 2573 1385 2605 τὸν
1410 2575 1461 2606 θύ-

818 2616 917 2641 λακον
946 2611 1118 2653 διέτραγεν,
1149 2615 1205 2644 οὐκ
1235 2617 1328 2655 εὑρὼν
1365 2618 1392 2653 ὅ,
1430 2630 1462 2649 τι

819 2652 928 2693 φάγῃς
966 2654 1173 2696 ΤΙιεοΡίιι·ει5ῑ.
1205 2658 1297 2690 Char.
1328 2660 1389 2692 xvi.
1421 2660 1459 2692 de
