1566 2789
518 115 1037 167 ΕΥΡΙΠΙΔΟΥ

235 269 424 338 κοξυφῆς
453 266 787 340 ὑπερτέλλοντα
816 269 1042 340 δειμαίνων
1069 270 1233 344 πέτξον,

232 339 329 413 ἀέρι
356 345 569 404 ποτᾶται,
596 344 677 395 καὶ
706 345 808 396 τίν-ει
837 343 1001 404 ταύτην
1030 345 1161 407 δίκην,

157 466 225 487 rem
239 456 356 493 locum,
380 458 524 488 versibus
539 469 577 489 ex
593 459 743 501 Odyssea
757 459 802 491 ci-

157 500 244 536 tatis,
260 501 305 530 ita
320 501 425 541 pergit
439 502 648 533 scholiastes:
674 503 759 541 πλὴν
778 502 804 534 εἲ

158 542 201 580 μὴ
217 543 298 575 κατὰ,
311 543 519 585 Ἀρίσταρχον
528 544 602 576 νόθα
613 544 672 577 εἶσὶ
687 546 728 578 τὰ
744 545 803 584 ἔπη

158 587 270 617 ταῦτα.
313 586 458 619 Ἀλκαῖος
473 587 506 618 δὲ
527 588 577 620 καὶ
591 589 732 628 Ἀλκμὰν
754 589 803 620 λί-

159 631 213 660 θον
228 629 325 669 φασὶν
345 630 557 671 ἐπαιωρεῖσθαι
578 634 623 671 τῷ
644 631 803 672 Ταντάλῳ.

157 673 175 702 ὁ
201 671 234 703 δὲ
259 673 410 711 Ἀλκμὰν,
438 673 519 706 ὅπως
539 675 635 715 (sorte
662 676 804 715 Ἀλκμὰν

158 714 284 756 οὕτως’)
300 716 375 754 ἀνὴρ
391 718 416 748 δ’
438 717 471 748 ἐν
492 716 673 756 ἀσμένοισιν
694 719 803 757 ἀλιτη-

158 757 220 797 ρὸς,
236 757 305 796 ἧσθ’
323 759 373 790 ἐπὶ
390 758 485 791 ednas
499 761 581 792 κατὰ
595 761 721 803 πέτρας,
737 761 802 803 ὀρέ-

158 813 200 832 ων
215 801 272 840 μὲν
286 801 385 838 οὐδὲν,
411 802 526 835 δοκέων
548 804 592 835 δέ.
619 805 747 844 ἐποίησε
770 804 803 837 δὲ

158 844 209 875 καὶ
225 846 241 875 ὁ
252 845 454 886 Ἀρχίλοχος,
466 846 536 886 μήδ’
547 848 564 878 ὁ
574 848 738 880 Ταντάλου
753 848 802 880 λί-

157 890 209 919 θος
224 889 318 925 Τῆσδ’
335 889 393 920 ὑπὸ
417 889 513 927 νήσου
534 891 705 932 κρεμάσθη.
730 892 805 923 ἔνιοι

159 930 192 961 δὲ
209 929 357 964 ἀκούουσι
371 931 429 963 τὸν
443 932 556 974 πέτρον
571 934 620 965 ἐπὶ
629 936 687 966 τοῦ
698 934 802 974 ἡλίου.

158 974 332 1014 Sequentia
345 976 418 1006 vide
434 977 517 1007 infra
531 977 570 1007 ad
586 989 617 1009 v,
633 981 709 1010 971.
725 978 802 1010 Alc-

158 1018 261 1047 manis
276 1017 381 1049 locum
396 1024 510 1049 sanent
522 1020 557 1056 ii,
570 1021 625 1061 qui
638 1022 738 1052 velint
749 1028 804 1052 aut

160 1060 294 1099 possint.
339 1061 378 1091 In
396 1061 586 1093 Archilocho
609 1065 724 1095 leviter
736 1075 804 1096 cor-

157 1103 326 1143 rigendum
342 1104 419 1145 ύπὲρ
441 1110 474 1136 et
496 1105 658 1147 κρεμάσθω
673 1119 711 1138 ex
729 1108 803 1139 Plu-

157 1147 268 1177 tarcho
283 1146 380 1179 Polit.
400 1148 558 1190 Praecept.
581 1156 604 1180 t.
627 1151 662 1182 ii.
679 1161 709 1191 p.
727 1155 801 1183 803.

158 1188 199 1218 A.
214 1189 302 1220 Finis
317 1195 367 1220 est
378 1192 530 1222 trochaici
547 1204 619 1223 cum
641 1194 734 1225 initio
757 1196 802 1224 al-

154 1232 266 1268 terius,
288 1234 374 1273 quod
391 1245 464 1264 cum
481 1245 545 1264 non
563 1237 802 1267 animadvenis-

155 1281 205 1304 set
217 1275 411 1313 Brunckius,
423 1278 619 1309 senariorum
628 1279 805 1320 fragmenta

153 1318 198 1347 ita
214 1319 399 1350 constituit:
424 1320 494 1358 μηδ’
509 1321 525 1350 ὁ
540 1325 575 1351 Τ.
593 1327 627 1351 λ.
644 1322 803 1361 Ὕπερκρε-

153 1359 261 1399 μάσθω
267 1363 364 1399 τῆσδε
371 1361 480 1402 νήσου,
489 1364 706 1395 immodulate.
720 1364 804 1395 Vide

152 1403 302 1435 Analect.
318 1410 342 1435 t.
356 1406 378 1436 i.
391 1416 423 1446 p.
437 1409 491 1438 47.
539 1406 603 1436 Sed
618 1408 727 1447 plures
743 1408 801 1438 Ar-

154 1448 291 1478 chilochi
307 1452 341 1478 et
355 1449 494 1489 optimos
508 1451 685 1481 trochaicos
695 1452 727 1480 in
742 1451 804 1482 alia

153 1496 327 1521 metrorum
349 1502 468 1532 genera
487 1492 594 1532 coegit
610 1493 801 1531 Brunckius,

152 1539 188 1563 ut
201 1544 233 1573 p.
248 1538 301 1566 45.
319 1544 392 1565 xxv.
412 1534 448 1566 Εἰ
462 1535 524 1575 ’γὰρ
538 1536 578 1567 ὡς
593 1536 660 1575 ἐμοὶ
674 1537 802 1576 ’γένοιτο

153 1578 245 1617 χεῖρα
280 1579 464 1616 Νεοβούλης
499 1577 607 1617 θίγειν.
652 1579 803 1620 [Rectius

155 1619 358 1651 Gaisfordius
378 1621 471 1653 Poe't.
487 1621 571 1652 Min.
587 1622 644 1653 Gr.
660 1628 683 1653 t.
699 1623 745 1654 iii.
769 1635 801 1664 p.

154 1665 230 1693 104.
257 1663 308 1693 ed.
324 1663 425 1694 Dind.
445 1664 496 1696 ὣς.
523 1665 681 1696 Praeterea
703 1666 802 1706 θίγειν

152 1706 342 1737 mutandum
360 1707 393 1737 in
411 1709 520 1747 θιγεῖν.
563 1709 710 1740 Praesens
725 1710 801 1749 θίγω

149 1754 228 1788 puto
243 1750 451 1787 obsolevisse,
471 1756 507 1781 ut
521 1756 568 1782 tot
584 1752 645 1783 alia
661 1763 800 1793 praesen-

150 1791 196 1821 tia
210 1792 447 1830 obsoleverunt,
464 1804 597 1834 quorum
613 1796 673 1826 soli
692 1797 802 1828 aoristi

151 1834 186 1863 in
203 1845 262 1865 usu
278 1840 363 1866 sunt.
381 1837 424 1868 G.
442 1837 489 1868 H.
506 1838 559 1880 S.]
577 1849 609 1878 p.
626 1841 677 1869 46.
694 1841 798 1870 xxxvi.

151 1877 205 1908 Ὠς
221 1878 379 1911 Διωνύσοι’
401 1879 536 1912 ἄνακτος
557 1881 655 1912 καλὸν
679 1881 799 1923 ἐξάρξαι

150 1921 247 1957 μέλος
269 1921 347 1954 Οἶδα
369 1922 564 1963 διθύραμβον,
591 1925 661 1964 οἴνῳ
683 1936 798 1964 συγκε·

151 1964 314 2003 ραυνωθεὶς
329 1965 455 2006 φρένας.
499 1967 590 1997 Nihil
605 1969 724 1999 mutavi
740 1979 796 2000 ne-

150 2016 212 2046 que
228 2008 262 2037 in
277 2009 393 2046 verbis,
416 2019 522 2049 neque
544 2010 577 2040 in
601 2011 711 2042 ordine
726 2022 796 2042 ver-

151 2050 279 2088 borumj.
294 2057 420 2082 tantum
429 2053 611 2083 meminerit
619 2054 730 2090 lector,
742 2067 794 2086 κα-

151 2091 210 2122 λὸν
222 2099 254 2123 et
266 2094 453 2135 διθύραμβον
463 2097 597 2136 primam
607 2097 794 2137 producere.

152 2136 250 2166 καλὸν
273 2138 358 2178 apud
390 2144 514 2169 veteres
539 2139 793 2181 iambographos,

149 2178 377 2211 Archilochum
388 2182 470 2217 dico,
485 2181 643 2218 Solonem,
658 2183 793 2214 Simoni-

149 2222 232 2257 dem,
249 2223 309 2254 hoc
325 2225 411 2265 apud
426 2234 536 2255 omnes
547 2225 688 2256 Graecos.
712 2226 791 2257 Ver·

148 2275 203 2294 sus
219 2266 285 2306 jam
299 2272 386 2298 recte
409 2267 610 2308 disposuerat
625 2269 794 2299 Bentleius

146 2308 180 2337 in
196 2307 323 2340 Phalar.
344 2319 378 2351 p.
393 2313 469 2341 295.
492 2311 525 2341 in
549 2321 586 2341 eo
609 2312 723 2342 leviter
744 2323 792 2342 er-

146 2360 230 2386 ranS,
248 2352 333 2392 quod
347 2363 367 2383 a
382 2352 442 2384 Καὶ
457 2354 624 2395 inciperet,
640 2365 711 2385 cum
734 2365 792 2395 pu-

146 2398 238 2429 taret,
255 2396 379 2435 opinor,
395 2396 435 2427 ὣς
453 2407 524 2427 esse
547 2396 705 2433 Athenaei,
728 2407 794 2431 non

146 2435 344 2469 Archilochi.
377 2439 501 2479 [Verba
513 2444 533 2457 “
546 2439 578 2470 in
594 2439 792 2470 eo—.Archi-

147 2479 232 2510 lochi
243 2480 262 2493 '’
277 2481 311 2511 in
326 2482 445 2513 noviss.
460 2482 562 2512 Lond.
577 2483 694 2513 omissa
709 2488 793 2513 sunt.

147 2521 295 2554 Jusserat
307 2524 376 2565 ipse
393 2526 555 2556 Porsonus
567 2531 635 2556 not.
650 2527 690 2556 ad
702 2526 793 2556 Med.

147 2567 220 2596 139.
266 2567 389 2598 Pariter
420 2569 454 2599 in
491 2570 665 2610 exemplari
701 2569 792 2610 hujus

146 2607 318 2650 Tragoediae
334 2611 411 2642 olim
433 2612 473 2642 ad
495 2612 661 2652 Heynium
682 2613 790 2647 misso,

145 2652 231 2691 quod
253 2653 287 2685 in
306 2655 448 2686 sectione
468 2654 675 2686 Bibliothecae
700 2655 790 2697 Hey-

846 460 950 490 nianae
961 466 1081 491 emtum
1090 460 1117 490 R
1125 461 1258 502 eisigius
1270 460 1348 492 mihi
1356 461 1497 499 donavit,

847 504 1151 544 καλλιγραφώτατα,
1173 509 1208 534 ut
1223 504 1355 540 solebat,
1379 510 1495 545 praeter

847 545 910 576 alia
924 547 1079 578 nonnulla
1094 548 1153 577 hoc
1169 547 1340 588 adscripsit
1353 559 1359 576 :
1387 552 1409 565 “
1426 547 1497 579 dele

847 589 886 619 ab
921 594 930 607 ¹
943 590 976 620 in
1000 600 1039 620 eo
1052 590 1060 603 '
1075 600 1178 631 usque
1206 590 1245 621 ad
1271 595 1278 607 ‘
1292 590 1496 621 Archilochi.’

847 632 1016 663 Bentleius
1043 634 1129 663 enim
1144 638 1230 664 recte
1254 633 1339 664 ‘ml'
1385 633 1497 664 Obiter

847 685 973 712 moneo,
994 686 1116 707 errasse
1134 676 1300 711 Kiddium,
1325 686 1398 707 cum
1420 678 1496 708 scri-

846 718 947 755 beret,
978 719 1165 750 Jacobsium
1196 719 1335 750 ineditas
1360 719 1497 751 Porsoni

846 762 886 791 ad
913 762 1101 803 Euripidem
1126 762 1348 793 adnotationes
1371 772 1498 794 mecum

847 806 1097 836 communicasse
1108 817 1114 834 z
1126 806 1253 847 gravius
1260 805 1357 835 etiam
1365 815 1498 843 errasse,

846 857 930 884 curn,
957 859 1028 888 quae
1050 859 1121 879 mea
1146 854 1230 884 sunt,
1254 854 1289 878 ut
1311 858 1330 878 a
1352 848 1496 879 Porsono

847 891 965 931 scripta
981 892 1096 932 siglum
1113 892 1148 923 S.
1160 901 1224 921 non
1235 891 1405 921 attendens
1415 891 1497 923 Mis-

846 934 999 964 cellaneis
1019 935 1146 974 (Tracts
1166 934 1228 965 and
1244 934 1497 965 Miscellaneous

848 976 1043 1015 Criticisms)
1054 979 1219 1009 insereret.
1239 978 1280 1009 G.
1293 977 1341 1008 H.
1353 978 1405 1019 S.]
1430 977 1497 1009 Has

845 1024 953 1050 tamen
968 1021 1061 1051 metri
1073 1021 1269 1061 corruptelas
1280 1020 1408 1060 adoptat
1421 1020 1495 1051 Lar—

849 1064 963 1094 cherus
978 1064 1017 1094 ad
1033 1064 1192 1095 Gallicam
1208 1063 1365 1094 Herodoti
1375 1064 1496 1094 versio-

848 1116 922 1136 nem
937 1107 958 1136 i.
974 1110 1026 1138 23.
1042 1107 1104 1137 vol.
1120 1108 1143 1137 i.
1159 1118 1190 1147 p.
1207 1110 1278 1138 196.
1298 1106 1407 1148 [209]
1435 1106 1494 1137 Ni-

847 1149 912 1179 hilo
928 1150 1043 1180 melius
1054 1151 1201 1181 tractavit
1216 1155 1248 1180 et
1264 1151 1322 1180 hoc
1338 1150 1496 1190 fragmen·

846 1197 915 1222 tum
931 1193 1114 1223 Brunckius
1130 1204 1161 1233 p.
1176 1195 1229 1223 47.
1244 1192 1401 1231 Ἔλπομαι
1417 1199 1496 1224 πολ·

848 1234 924 1266 λοὺς
961 1235 1018 1273 μὲν
1057 1235 1159 1266 αὐτῶν
1186 1234 1301 1274 Σείριος
1330 1237 1499 1267 καταυανεῖ

847 1277 936 1316 Ὀξὺς
958 1278 1139 1316 ἐλλάμπων.
1182 1278 1244 1309 Sed
1256 1278 1353 1308 redeo
1364 1279 1403 1308 ad
1413 1279 1495 1310 Tau-

848 1321 958 1350 talum.
992 1321 1131 1357 Quidam
1146 1321 1176 1351 ei
1188 1331 1244 1362 pro
1260 1321 1405 1362 simplice
1422 1332 1496 1352 saxo

848 1362 993 1404 Sipylum
1019 1370 1160 1395 montem
1184 1364 1370 1404 impendere
1396 1365 1495 1402 aiunt,

848 1406 932 1445 quod
947 1414 1124 1437 memorant
1138 1408 1331 1438 Scholiastes
1343 1417 1437 1448 supra
1449 1408 1493 1438 ci—

847 1453 942 1485 tatus,
966 1450 1155 1481 Plutarchus
1170 1451 1285 1481 alicubi
1309 1450 1410 1490 [Mor.
1425 1456 1448 1481 t.
1464 1461 1494 1481 V.

846 1502 878 1531 p.
891 1495 965 1523 322.
981 1492 1084 1534 Wytt.
1100 1494 1143 1524 G.
1160 1494 1206 1524 H.
1221 1492 1283 1532 S.],
1310 1493 1495 1524 Antoninus

846 1535 1012 1566 Liberalis.
1036 1536 1210 1577 Utramque
1221 1546 1356 1577 poenam,
1374 1543 1405 1566 et
1422 1547 1492 1567 sax-

846 1588 899 1608 um
921 1579 1110 1619 impendens
1130 1586 1162 1610 et
1181 1580 1279 1620 dapes
1301 1580 1417 1610 frustra
1437 1590 1493 1620 ap-

845 1622 976 1661 positas,
993 1623 1201 1664 conjungunt,
1220 1628 1273 1653 aut
1297 1622 1336 1652 ad
1359 1624 1492 1653 alteram

845 1670 958 1700 utram,
984 1672 1078 1706 prout
1098 1676 1149 1696 res
1170 1667 1321 1706 postulat,
1346 1666 1493 1697 alludunt

846 1707 1060 1738 Philostratus
1068 1708 1109 1739 V.
1118 1709 1158 1738 A.
1168 1709 1215 1739 iii.
1225 1711 1277 1740 25.
1291 1719 1321 1748 p.
1334 1712 1408 1740 115.
1417 1711 1493 1740 116.

846 1750 911 1781 vit.
929 1751 1067 1792 Sophist.
1081 1753 1102 1782 i.
1119 1754 1171 1783 21.
1184 1755 1213 1783 1.
1225 1762 1256 1792 p.
1267 1754 1342 1782 513.
1370 1752 1491 1783 Auctor

844 1793 1026 1826 Atridarum
1048 1795 1170 1825 reditus
1193 1795 1277 1835 apud
1300 1794 1491 1826 Athenaeum

845 1837 897 1867 vii.
910 1847 941 1878 p.
954 1840 1028 1868 281.
1051 1838 1091 1868 Β.
1106 1837 1191 1868 Dion
1203 1837 1423 1878 Chrysostom.
1435 1837 1492 1869 Or.

844 1880 885 1910 vi.
900 1891 931 1920 p.
947 1883 999 1911 97.
1016 1881 1090 1911 lxiv.
1106 1891 1138 1921 p.
1148 1883 1222 1912 594.
1235 1880 1334 1921 Greg.
1350 1880 1488 1912 Nazian—

842 1933 911 1953 zen.
934 1924 966 1953 in
990 1924 1160 1954 Muratorii
1175 1923 1352 1954 Anecdotis
1370 1925 1434 1954 vol.
1461 1935 1489 1954 v.

840 1976 872 2005 p.
888 1969 918 1997 4.
946 1966 1082 1997 Nonnus
1102 1967 1141 1997 ad
1157 1966 1305 2007 Gregorii
1328 1966 1432 1997 stelit.
1455 1967 1489 1997 ii.

841 2011 893 2040 31.
925 2009 1038 2040 Suidas
1053 2011 1086 2040 in
1100 2020 1130 2040 V.
1145 2008 1319 2040 Τάνταλος.
1355 2009 1488 2040 Tzetzes

842 2051 979 2082 Chiliad.
996 2063 1024 2082 v.
1039 2055 1114 2084 479.
1129 2058 1163 2083 et
1178 2063 1225 2092 sq.
1258 2052 1297 2082 In
1314 2052 1487 2093 Polygnoti

840 2095 966 2134 pictura
977 2096 1061 2135 apud
1075 2096 1264 2126 Pausaniam
1280 2095 1378 2126 Phoc.
1393 2106 1421 2125 x.
1432 2099 1487 2127 31.

840 2148 872 2177 p.
888 2141 927 2168 87
931 2140 961 2168 6.
978 2144 1045 2169 erat
1059 2138 1220 2170 Τάνταλος
1235 2138 1286 2169 καὶ
1302 2137 1390 2168 ἄλλα
1402 2137 1486 2178 ἔχων

839 2180 982 2219 ἀλγεινὰ,
1010 2180 1255 2221 ὁπόσα”ομηρος
1266 2182 1312 2212 ἐπ’
1329 2181 1415 2220 αὐτῷ
1429 2193 1483 2213 πε-

838 2224 976 2260 ποίηκεν,
1005 2225 1054 2255 ἐπὶ
1079 2223 1112 2256 δὲ
1137 2225 1240 2256 αὐτοῖς
1265 2223 1435 2264 πρόσεστίν
1456 2225 1486 2256 οἱ

837 2266 888 2297 καὶ
902 2267 940 2297 τὸ
956 2268 991 2298 ἐκ
1005 2269 1062 2298 τοῦ
1081 2267 1292 2308 ἐπηρτημένου
1314 2266 1404 2298 λίθου
1425 2268 1483 2298 δεῖ·

836 2321 888 2348 μα.
917 2310 1126 2349 Πολύγνωτος
1139 2310 1197 2349 μὲν
1207 2309 1302 2347 δῆλός
1313 2310 1399 2341 ἐστιν
1411 2309 1483 2341 ἐπα·

837 2352 1032 2390 κολουθῆσας
1044 2356 1087 2393 τῷ
1097 2353 1293 2395 Ἀρχιλόχου
1302 2352 1400 2392 λόγῳ.
1414 2352 1484 2393 Ἀρ-

836 2395 976 2435 χῖλοχος
998 2397 1034 2432 δ’,
1061 2396 1117 2428 οὐκ
1142 2396 1220 2434 οῖδα,
1248 2397 1312 2427 εἴτε
1336 2395 1483 2436 ἐδιδάχθη

837 2439 906 2478 παρ’
923 2438 1030 2470 ἄλλων
1042 2439 1083 2471 τὰ
1099 2441 1130 2472 ἐς
1151 2440 1209 2471 τὸν
1229 2439 1328 2476 λίθον,
1344 2439 1408 2470 εἴτε
1430 2439 1482 2471 καὶ

837 2480 931 2512 αὐτὸς
947 2483 978 2514 ἐς
990 2484 1049 2521 τὴν
1062 2483 1188 2520 ποίησιν
1203 2481 1423 2521 εἰσηνέγκατο.

880 2524 1118 2562 Archilochum,
1135 2526 1290 2562 Alcaeum,
1316 2525 1479 2561 Alcmana,

836 2565 1008 2598 Pindarum
1038 2575 1070 2600 et
1096 2569 1282 2610 Euripidem
1303 2573 1480 2608 sequuntur

836 2609 928 2641 Plato
944 2612 1076 2653 Cratylo
1087 2623 1118 2653 p.
1130 2615 1182 2643 52.
1196 2615 1246 2643 12.
1259 2611 1310 2642 ed.
1324 2611 1400 2642 Bas.
1416 2620 1481 2641 sec.

835 2656 908 2684 262.
932 2654 975 2685 D.
988 2655 1132 2686 Laemar.
1155 2658 1250 2688 1590.
1273 2657 1348 2686 395.
1372 2653 1415 2684 D.
1438 2654 1478 2685 Ε.
