1566 2789
140 46 208 100 16

557 50 1067 100 ΕΥΡΙΠΙΔΟΥ

214 189 237 247 ἦ
266 186 307 240 δ’
341 187 379 239 ἓν
407 189 639 259 θαλάμοις
667 188 992 260 τάκεᾼβιοτοὶν

135 333 187 364 isti
204 333 346 364 homines
360 338 392 365 et
404 339 516 365 ceterae
529 333 686 375 ejusmodi
700 334 784 376 quis-

134 377 240 416 quiliae
257 378 454 419 requiescant
470 379 503 408 111
518 388 607 418 pace.
638 378 785 408 Neminis

134 420 217 449 euim
234 420 497 452 existimationem
508 421 542 451 in
555 423 612 452 hac
625 427 701 452 nola
711 422 784 452 scri-

135 462 239 493 benda
262 463 376 495 laedere
402 463 566 500 constitui,
591 464 654 494 nisi
679 465 783 495 ‘Prae-

134 505 286 536 clarorum
307 507 468 538 hominum
482 518 517 538 ac
536 507 705 546 primorum
721 508 784 546 sig-

134 548 356 590 niferumque.’
379 550 434 581 Ἐκ
444 552 507 582 τῶν
516 549 549 581 δὲ
559 550 691 590 πρώτων
701 552 784 591 πρῶ-

132 603 187 622 τον
199 591 325 633 ἄρξομαι
338 592 458 633 λέγειν.
524 591 535 594 ”

178 635 206 665 Ι.
229 636 393 666 Bentl‹·ius
416 637 448 665 in
468 636 635 665 immortali
660 636 719 666 ista
743 636 782 666 de

134 676 312 708 Phalaridis
326 678 468 718 epistolis
483 678 702 708 dissertatione
716 680 782 708 haec

134 721 229 751 verba
244 722 346 762 Epist.
363 721 395 752 li.
413 721 512 761 (xxiv.
528 720 686 761 Lennep.)
712 723 782 758 θνη-

134 763 207 794 τοὺς
221 764 284 805 ’γὰρ
300 763 391 795 ὄντας
407 762 559 794 ἀθάνατον
574 762 671 803 ὀργὴν
684 763 782 803 ἔχειν,

133 806 175 838 ὥς
195 806 274 847 φασί
296 819 391 843 τινες,
411 807 446 838 οὐ
461 805 621 848 προσήκει1
639 817 677 836 ex
692 807 782 837 Euri-

131 849 208 889 pide
224 855 331 880 mutua
345 856 449 881 sumta
461 850 631 885 existimat,
645 849 695 879 cui
707 860 781 880 sane

132 894 286 923 hactenus
311 894 479 924 assentior.
533 892 664 928 Verum,
695 893 782 933 quod

133 946 197 966 11011
212 937 294 966 vidit
307 937 356 966 vir
370 946 522 971 summuS,
544 946 606 966 non
628 941 702 965 sunt
721 936 782 967 ista

134 990 170 1009 cx
188 979 340 1020 Euripide
367 980 520 1010 imitando
541 989 700 1019 expressa,
722 981 779 1010 sed

132 1027 204 1052 sunt
230 1023 300 1063 ipsa
324 1024 433 1063 tragici
461 1022 567 1057 verba,
600 1022 780 1062 [Imitando

133 1075 283 1106 expressa
297 1071 370 1097 sunt
384 1077 421 1096 ex
437 1065 600 1105 Euripide,
623 1075 687 1095 non
708 1066 779 1106 ipsa

131 1107 257 1149 Tragici
280 1109 384 1140 verba.
429 1109 615 1149 Respicitur
630 1109 716 1139 enirn
731 1110 779 1139 lo-

131 1161 188 1181 cus
207 1161 247 1182 ex
268 1151 448 1182 Philoctete
465 1158 605 1182 servatus
619 1162 636 1181 a
652 1152 781 1183 Stobaeo

129 1194 193 1225 Tit.
209 1206 259 1225 xx.
274 1193 399 1235 “now-ep
415 1195 447 1227 δὲ
463 1194 575 1232 θνητὸν
590 1194 689 1226 καὶτὸ
701 1196 779 1234 σῶμ’

130 1236 217 1277 ἡμῶν
241 1237 311 1278 ἔφυ,
338 1239 429 1270 Οὕτω
449 1238 599 1279 προσήκει
620 1237 698 1277 μηδὲ
721 1239 781 1277 τὴν

131 1279 230 1321 ὀργὴν
253 1281 341 1320 ἔχειν
357 1280 537 1318 Ἀθάνατον,
555 1282 644 1313 ὅστις
658 1288 778 1323 σωφρσ·

132 1325 198 1354 νεῖν
213 1323 391 1356 ἐπίσταται.
414 1325 584 1367 Erfurdt]
609 1326 655 1355 ita
670 1326 779 1366 legen-

130 1364 189 1397 da:
215 1368 354 1405 Θνητοὺς
374 1367 437 1409 ’γὰρ
457 1368 549 1400 ὄντας
562 1367 715 1400 ἀθάνατον
729 1369 779 1410 ὀρ-

129 1411 193 1449 γὴν
204 1409 291 1450 ἔχειν
303 1412 398 1443 Οὔτοι
407 1411 569 1452 προσήκειί
592 1412 667 1442 Duo
680 1418 779 1450 erant,

130 1463 212 1492 quae,
236 1464 276 1485 ne
298 1455 358 1485 viri
380 1454 467 1485 docti
486 1456 546 1485 hoc
567 1454 779 1495 perviderent,

129 1495 300 1529 faciebant.
326 1498 478 1534 Primum,
495 1498 580 1538 quod
594 1499 781 1528 nesciebant

131 1537 287 1572 ἆθῦίνατον
316 1541 451 1581 primam
477 1542 664 1580 producere,
694 1540 779 1581 quod

130 1582 215 1621 apud
245 1593 353 1612 omnes
382 1583 530 1623 antiquos
561 1588 593 1612 et
626 1584 778 1623 genuinos

131 1624 264 1656 Graeciae
277 1625 388 1665 poetas
401 1635 524 1664 semper
535 1625 601 1655 fieri
612 1625 778 1664 praestabo,

129 1668 207 1698 alias
220 1669 350 1698 forsitan
368 1667 519 1697 Bruuckii
535 1673 568 1697 et
584 1668 714 1697 aliorum
730 1679 779 1698 er—

128 1720 215 1741 rores
244 1710 464 1751 castigaturus.
514 1709 642 1740 Deinde
671 1711 779 1750 paullo

128 1753 233 1785 minus
259 1754 337 1795 grati
366 1758 438 1783 sunt
469 1753 600 1788 numeri,
628 1763 720 1793 quam
746 1754 779 1784 in

128 1797 289 1837 plerisque
302 1797 490 1837 tragicorum
502 1795 642 1831 senariis,
654 1805 716 1826 non
732 1801 778 1826 ta-

127 1850 201 1870 men
217 1840 345 1870 omnino
361 1839 516 1870 inusitati.
539 1838 682 1878 Euripid.
696 1838 776 1871 Hec.

130 1885 226 1914 1230.
242 1882 373 1923 ἀχθεινὰ
387 1882 444 1921 μέν
457 1895 510 1922 μοι
524 1880 701 1922 τάλλότρια
713 1881 777 1922 κρί-

129 1937 193 1957 νειν
207 1926 299 1958 κακά.
322 1926 392 1956 Ion.
408 1928 482 1957 619.
498 1925 595 1956 ἐλθὼν
607 1925 632 1956 δ’
649 1926 679 1956 ἐς
691 1924 778 1956 οἶκον

129 1968 311 2009 ἀλλότριον,
335 1969 454 2006 ἔπηλυς
469 1971 520 2000 ὤν.
545 1969 663 2000 Bacch.
681 1971 776 2000 1064.

129 2013 239 2049 λαβὼν
268 2012 331 2053 ’γὰρ
360 2010 478 2050 ἐλάτης
506 2010 645 2051 οὐράνιον
681 2010 778 2050 ἄκρον

128 2054 255 2087 κλάδον.
302 2056 411 2086 Simile
427 2060 487 2090 est,
511 2065 584 2085 cum
599 2054 775 2095 tribrachys

128 2099 161 2128 in
178 2105 289 2139 quarto
304 2099 374 2129 loco
388 2108 500 2129 vocem
515 2098 662 2138 complet,
687 2107 776 2127 eum-

129 2151 191 2181 que
204 2141 443 2183 monosyllabon
452 2140 612 2181 praecedit.
628 2140 776 2180 Soplrocl.

129 2184 243 2226 Antig.
273 2187 349 2215 263.
381 2184 499 2215 κούδεὶς
528 2183 671 2223 ἐναργὴς,
702 2182 778 2214 ἀλλ’

131 2227 232 2267 ἔφυγε
246 2227 283 2259 τὸ
293 2227 336 2266 μὴ
350 2226 470 2258 εἰδέναι.
481 2226 640 2258 Citassem
652 2229 685 2255 et
700 2226 780 2256 Phi-

131 2271 206 2301 loct.
232 2274 264 2302 4.
286 2270 465 2311 Ἀχιλλέως
490 2271 550 2300 παῖ
576 2266 779 2307 Νεοπτόλεμε

129 2313 186 2344 τὸν
213 2314 333 2351 Μηλιᾶ,
365 2318 397 2344 et
422 2312 616 2343 monuissem
640 2310 780 2343 Νεοπτό-

129 2362 208 2395 λεμε
223 2367 291 2387 esse
307 2356 455 2387 Paeonem
470 2355 619 2396 primum,
635 2354 663 2385 si
679 2365 778 2394 quen—

130 2410 225 2440 quam
250 2399 479 2439 discipulorum
504 2408 645 2429 meorum
670 2397 777 2428 crede-

129 2452 194 2473 rem
211 2447 273 2472 tam
292 2441 453 2482 stupidum
470 2451 541 2472 esse
558 2446 614 2471 aut
636 2441 777 2476 bardum,

130 2490 166 2515 ut
181 2486 240 2515 hoc
255 2485 402 2515 nesciret.
447 2484 567 2514 Verum
582 2494 623 2514 ne
639 2483 778 2513 tironum

124 2527 246 2568 judicio
258 2527 382 2557 viderer
393 2527 544 2562 diffidere,
558 2527 660 2557 locum
671 2526 776 2561 istum,

130 2575 165 2600 ut
185 2570 286 2606 vides,
312 2569 414 2600 omisi.
459 2569 547 2599 Alibi
577 2569 672 2600 etiam
701 2568 779 2598 citat

127 2614 188 2644 iste
203 2612 491 2644 Pseudo-Phalaris
500 2611 688 2652 tragicorum
699 2610 776 2641 iam-

830 334 899 371 bos,
915 339 951 366 ut
966 334 1067 375 Epist.
1078 332 1204 365 lxxxvii.
1221 334 1336 375 (cxxi.)
1360 336 1480 374 Πολλῷ

830 377 863 409 δὲ
887 377 1035 419 κρεῖσσόν
1058 378 1136 414 ἐστι,
1160 378 1203 418 μὴ
1220 377 1389 413 δεδοικότα,
1408 383 1473 409 Πα-

830 422 895 452 θεῖν
920 422 957 452 τὸ
981 421 1102 461 μέλλον
1125 421 1235 457 δεινὸν,
1260 421 1280 458 ἢ
1304 421 1477 453 δεδοικότασ

829 464 883 504 qui
906 464 1052 496 videntur
1068 465 1243 506 Agathonis
1267 474 1348 495 esse.
1372 464 1477 505 Epist.

828 507 920 537 cxxii.
935 507 1000 549 (v.)
1017 507 1082 538 ἐπεὶ
1095 508 1127 539 δὲ
1146 507 1318 546 ἀναπτύξας
1331 507 1369 538 τὸ
1378 512 1476 538 πλευ·

828 549 892 590 pou,
919 549 1081 588 ἐγύμνωσε
1105 550 1212 587 Πάσης
1235 550 1293 588 μὲν
1315 547 1475 588 ὠμότητος

829 591 995 622 ἀνάπλεων
1016 591 1123 631 φόνον,
1151 593 1272 623 Παντὸς
1291 592 1324 623 δὲ
1341 591 1475 623 Θανάτου

828 635 1087 676 δυσποτμώτερον
1114 636 1218 675 μόρον,
1249 635 1325 666 τότε
1351 635 1388 672 δὴ
1416 636 1476 672 τῆς

826 676 945 716 τέχνης
960 677 1054 708 αὐτὸν
1069 678 1301 714 ἐπαινέσαντες,
1324 680 1387 709 τῶν
1401 677 1476 719 τρό-

827 732 892 750 πων
908 721 1144 761 ἐτιμωρούμεθα.
1183 722 1284 751 Vides
1305 722 1367 751 duo
1382 729 1475 751 Sena-

827 762 898 792 rios.
925 763 1063 794 Tantum
1078 764 1224 803 rescripsi
1240 762 1405 795 ἀνάπλεων
1418 774 1477 804 pro

827 804 973 841 ἀνάπλεω
996 812 1028 837 et
1043 807 1302 847 δυσποτμώτερον
1323 817 1380 846 pro
1401 808 1479 838 δυσ-

826 848 1029 890 ποτμότερον.
1072 850 1143 880 Hoc
1156 850 1309 890 posterius
1321 848 1403 879 adde
1420 859 1473 880 ex-

827 893 942 933 emplis
958 903 976 922 a
988 904 1035 923 me
1047 893 1150 923 allatis
1161 893 1200 923 ad
1211 891 1367 923 Phoeniss.
1378 895 1474 925 1367.

871 936 916 965 ll.
940 936 1096 966 Kusterus
1118 936 1152 966 in
1179 936 1277 967 Suida
1296 947 1323 964 v.
1342 937 1473 972 ἐκβιασ-

825 977 882 1015 τής
904 979 971 1010 haec
995 980 1088 1010 verba
1110 979 1230 1010 edidit:
1248 979 1342 1018 ἄμφω
1353 977 1417 1019 ’γάρ
1434 980 1476 1010 εἴ·

825 1033 878 1053 σιν
900 1022 1064 1058 ἐκβιασταὶ
1079 1024 1136 1059 τῆς
1151 1021 1247 1059 δίκης,
1272 1021 1321 1053 καὶ
1346 1021 1475 1053 νύττου-

826 1076 876 1096 σεν
891 1064 969 1103 ἡμᾶς
985 1065 1060 1107 πρὸς
1074 1066 1112 1096 τὸ
1127 1066 1182 1102 τῆς
1199 1065 1285 1103 δίκης
1299 1064 1403 1105 πέρας·
1419 1065 1475 1096 ubi

825 1108 876 1139 καὶ
892 1119 929 1139 ex
945 1119 1029 1149 penu
1045 1119 1102 1139 sua
1117 1108 1231 1149 edidit,
1254 1118 1326 1140 cum
1341 1107 1472 1139 deberet

825 1151 975 1183 νύττουσί
999 1153 1024 1182 Θ’
1048 1151 1131 1191 ἡμᾶς
1148 1153 1254 1187 edere,
1277 1151 1303 1180 si
1319 1151 1412 1182 modo
1428 1151 1476 1181 vi-

826 1195 936 1231 disset,
966 1195 1029 1226 duo
1053 1196 1107 1226 hos
1131 1205 1202 1225 esse
1218 1194 1367 1225 senarios.
1411 1194 1475 1225 Sed

825 1238 949 1274 melius,
980 1238 1102 1279 opinor,
1140 1239 1262 1279 legetur
1291 1236 1379 1268 ὄντες
1414 1247 1474 1277 pro

824 1282 893 1318 εἰσ-ι,
918 1281 1076 1322 quomodo
1092 1286 1195 1312 exstat
1213 1281 1247 1312 in
1262 1279 1404 1322 Georgio
1418 1280 1475 1311 Pi-

826 1326 894 1356 side
909 1330 1016 1356 contra
1033 1326 1183 1356 Severum
1193 1327 1269 1356 852.
1291 1324 1331 1355 In
1342 1335 1372 1355 v.
1386 1323 1474 1355 ἱστο-

823 1368 952 1409 ρημέναι
983 1369 1050 1400 haec
1076 1369 1170 1399 verba
1201 1368 1354 1399 citantur:
1380 1366 1473 1398 Οὕτω

823 1412 885 1452 ’γὰρ
900 1411 983 1449 ἦσαν
999 1411 1196 1453 ἷστορημέναι
1217 1411 1323 1451 μόνον,
1347 1409 1400 1441 Ὠς
1416 1407 1473 1448 ζω-

823 1456 1002 1496 γραφοῦσιν
1034 1456 1062 1486 οἱ
1089 1456 1222 1497 ’γραφεῖς
1249 1453 1307 1485 τὰς
1345 1452 1474 1484 εἰκόνας·

824 1508 893 1538 qua⁴
910 1499 1055 1528 desumta
1071 1505 1144 1527 sunt
1159 1508 1199 1527 ex
1215 1496 1353 1538 ejusdem
1369 1495 1472 1526 Acro-

824 1540 870 1569 asi
886 1541 981 1570 tertia
997 1541 1036 1570 de
1055 1540 1196 1569 Heraclii
1213 1537 1425 1579 Expeditione
1441 1548 1472 1568 v-

824 1585 877 1613 46.
923 1582 1265 1623 Scriptor—Anonymus
1278 1581 1311 1610 in
1328 1579 1427 1611 Suida
1439 1591 1471 1612 v-

824 1623 949 1663 Στέγει,
964 1626 1080 1655 citatus
1095 1635 1114 1654 a
1128 1624 1259 1654 Pauwio
1275 1623 1315 1653 ad
1331 1623 1470 1654 Anacre-

825 1673 890 1697 ont.
908 1678 938 1708 p.
953 1671 1006 1699 92.
1028 1667 1089 1698 Τὸν
1110 1666 1280 1698 καυστικὸν
1304 1664 1336 1697 δὲ
1355 1666 1473 1698 τοῦτον

823 1710 913 1748 ἥλιον
927 1710 1047 1748 στέγει,
1065 1711 1179 1750 Ἱδρῶτι
1195 1710 1295 1751 θερμῷ
1308 1710 1475 1749 πανταχοῦ

823 1753 1050 1794 βεβρεγμένος.
1089 1752 1264 1783 Dorvillius
1277 1752 1381 1783 Vann.
1391 1751 1472 1785 crit.

822 1806 855 1836 p.
867 1799 941 1827 360.
951 1796 985 1826 in
997 1796 1158 1826 Pauwium
1167 1803 1291 1825 strenue
1299 1795 1471 1833 invehitur,

823 1840 908 1879 quod
923 1839 985 1869 duo
997 1839 1137 1869 senarios
1150 1839 1184 1868 in
1200 1838 1248 1868 his
1263 1838 1363 1868 verbis
1373 1838 1473 1870 latere

822 1892 887 1912 non
903 1881 1026 1912 viderit.
1057 1881 1247 1922 Respondet
1262 1881 1420 1918 Pauwius,
1435 1887 1472 1913 ut

820 1930 935 1965 potest,
946 1925 1030 1965 praef.
1037 1925 1077 1954 ad
1087 1924 1304 1966 Phrynichum
1311 1935 1343 1965 p.
1354 1923 1367 1939 ⁸
1376 1923 1391 1938 '‘
1400 1923 1415 1938 ‘
1424 1923 1470 1957 ’2

820 1968 852 1998 b.
869 1968 923 1998 ubi
939 1968 994 2004 ait,
1016 1977 1205 1998 nonversus
1220 1967 1371 1998 iambicos
1384 1977 1467 2004 esse,

820 2010 875 2041 sed
885 2021 990 2041 versus
1000 2011 1148 2041 iambicos
1165 2021 1235 2041 esse
1250 2020 1353 2051 possea
1397 2010 1472 2042 Hoc

819 2053 886 2083 fieri
900 2064 1004 2094 posse,
1014 2059 1049 2084 ut
1060 2053 1121 2084 duo
1133 2053 1226 2083 simul
1236 2064 1342 2084 versus
1352 2053 1471 2093 impru-

820 2097 1146 2132 dentiexcidant‚non
1154 2097 1315 2137 praefracte
1323 2096 1469 2137 equidem

819 2140 968 2180 negarim.
992 2140 1141 2181 Synesius
1161 2139 1243 2169 enim
1268 2139 1373 2179 Epist.
1388 2139 1467 2171 xliii.

822 2182 867 2212 ait
879 2193 887 2214 x
903 2182 1020 2221 ἔγνωκε
1031 2184 1125 2213 πλεῖν
1136 2181 1178 2214 εἷς
1187 2182 1262 2213 τάπὶ
1274 2180 1396 2223 Θρᾴκης
1404 2193 1471 2222 χω-

822 2224 883 2265 ρία,
907 2226 973 2257 ἐκεῖ
993 2225 1285 2265 διαλλαγησόμενος
1312 2225 1388 2265 πρὸς
1409 2225 1470 2263 τὴν

821 2268 935 2308 τύχην·
953 2279 1022 2310 quae
1039 2270 1133 2300 credo
1149 2268 1271 2310 Synesii
1284 2268 1383 2308 ipsius
1398 2277 1468 2299 esse

822 2313 927 2348 verba,
954 2321 1018 2342 non
1041 2322 1058 2342 e
1085 2312 1204 2343 comico
1233 2311 1380 2352 quopiam
1410 2310 1467 2342 de-

821 2362 935 2386 sumta.
981 2355 1068 2385 Dum
1091 2356 1130 2385 de
1150 2355 1284 2396 Synesio
1302 2354 1468 2395 loquimur,

821 2396 854 2426 in
869 2398 940 2428 loco
955 2407 1049 2438 supra
1064 2397 1160 2428 citato
1175 2398 1214 2427 ad
1232 2408 1261 2428 v.
1278 2399 1308 2427 1.
1325 2397 1394 2437 lege
1418 2397 1468 2428 ἐπὶ

822 2450 879 2479 pro
903 2440 946 2472 εἰς
970 2446 1004 2470 et
1023 2441 1139 2471 deinde
1164 2439 1351 2481 “Synesius
1367 2439 1467 2471 Dion.

822 2492 853 2521 p.
871 2483 946 2514 54?
977 2483 1016 2523 [“
1028 2483 1113 2514 Dum
1128 2484 1168 2513 de
1185 2483 1398 2524 Synesio—p.
1413 2485 1468 2514 54.

822 2524 884 2554 Β.”
922 2527 1040 2556 omissa
1077 2532 1153 2557 sunt
1179 2527 1212 2556 in
1242 2526 1360 2555 noviss.
1388 2525 1469 2555 edit.

822 2567 923 2598 Lond.
945 2568 1041 2599 Edidi
1056 2579 1139 2599 nunc
1154 2569 1188 2599 in
1203 2568 1260 2598 illo
1274 2567 1402 2608 Synesii
1418 2568 1465 2597 lo-

822 2620 858 2641 co
875 2610 923 2642 ἐπὶ
939 2614 997 2649 τὴν
1012 2611 1167 2654 λοιδορίαν
1181 2620 1239 2653 pro
1264 2609 1308 2642 εἰς
1321 2622 1351 2641 τ.
1367 2616 1399 2641 λ.
1417 2619 1468 2641 se-
