1606 2803
258 88 669 120 SUPPLEMENTUM
705 90 771 120 Ao
805 91 1196 126 PRAEFATIONEM.
1255 86 1405 127 xxxix

71 194 148 243 do,
170 193 271 242 ”Ηδη
306 195 376 249 ὁρῶ
409 197 466 233 νῦν
498 193 606 246 μόλις
638 193 767 241 αὐτοῖς.
827 194 916 235 Sed
940 196 1051 236 illud
1086 199 1204 245 αὐτὰς
1237 199 1406 243 incom-

75 251 207 292 mode
240 251 430 301 additur,
466 252 567 293 dum
597 253 692 294 haec
724 253 860 293 verba
883 254 1168 307 Strepsiades
1190 256 1403 311 loquitur,

74 310 154 363 qui
184 322 336 351 versus
366 310 490 352 initio
521 323 606 350 non
639 310 871 351 addiderit.
931 312 1292 367 Superscriptum
1320 329 1404 369 pro

75 367 440 420 interpretatione
462 369 504 408 in
527 381 615 409 uno
639 368 727 408 ΜΞ.
744 368 859 418 vidi3
893 369 937 408 in
963 374 1089 411 textu
1114 371 1296 424 quidem
1327 374 1406 414 ha-

76 426 152 465 bet
174 424 262 465 ΜΞ.
286 425 542 475 Ravennas,
564 425 645 466 sed
665 426 784 466 idem
806 435 960 467 contra
982 440 1157 468 sensum
1182 431 1251 483 ὁρῶ
1275 432 1406 473 omit-

75 484 144 524 tit.
205 482 341 533 Quod
358 483 492 524 habet
513 483 625 524 Mss.
648 483 736 523 fere
758 483 943 524 dimidia
962 497 1080 537 pars,
1099 485 1193 540 ἀθρῶ
1214 489 1407 541 probant

78 541 302 582 Kusterus
331 545 372 581 et
402 541 503 592 alii3
535 541 579 580 in
608 545 774 581 textum
808 541 955 582 intulit
976 542 1246 595 Brunckius,
1273 545 1408 602 διαθςῶ

75 598 149 639 νυνὶ
181 597 290 651 μόλις
321 598 397 648 ἤδη.
458 598 547 640 Sed
574 598 748 639 felicius
773 598 859 638 hoc
889 601 1188 653 compositum
1218 604 1409 646 restituit

76 657 259 697 Thesm-
279 658 380 698 665.
442 656 663 697 Praeterea
693 661 836 697 metro
867 661 1053 698 coactus
1087 656 1207 700 ἔσοδον
1238 662 1407 711 scribit,

78 715 196 768 quod
231 727 460 768 nunquam
494 714 614 767 apud
649 713 875 763 ComiCOS,
907 720 958 755 ut
992 729 1135 769 neque
1165 719 1408 772 quicquam

78 773 201 813 aliud
223 786 387 814 nomen
408 773 463 813 ab
492 772 526 819 ἐς
548 772 853 825 compositum
876 773 1097 825 reperitur.
1157 775 1408 818 Rarissime

78 831 273 880 omnino,
311 835 355 871 et
380 843 549 880 vereor,
583 843 638 869 ne
674 830 716 869 in
747 829 861 869 locis
892 833 1061 871 tantum
1094 833 1339 884 mendosis,
1373 835 1409 882 ἐς

78 892 181 929 ante
214 888 418 929 vocalem
451 891 680 941 usurpant.
740 886 800 927 At
833 885 942 937 μόλις
971 888 1083 944 ἀθρῶ,
1115 893 1410 945 praeterquam

78 946 202 999 quod
223 945 408 986 licenter
427 945 618 998 priorem
640 944 861 997 producit,
893 958 994 985 cum
1017 947 1230 989 Dawesio
1253 949 1413 1002 opinor
1480 956 1486 963 ⁸

78 1016 167 1045 non
199 1003 288 1044 dici
318 1016 457 1056 posse
483 1016 563 1056 pro
589 1000 699 1054 μόλις
729 1003 812 1056 ὁρῶ.
877 1002 1107 1045 Bentleius
1129 1009 1283 1046 contra
1303 1012 1413 1048 tem-

80 1074 206 1114 pora,
239 1061 279 1102 si
308 1074 396 1101 non
427 1065 580 1102 contra
608 1063 807 1110 metrum,
836 1058 966 1115 ἑώρων.
1028 1060 1150 1112 Quid
1172 1062 1305 1115 igitur
1324 1063 1412 1105 hoc

80 1131 210 1159 versu
235 1117 521 1159 faciendum?
555 1117 706 1158 Primo
739 1118 887 1159 varias
917 1118 1138 1160 lectiones
1165 1120 1412 1162 videamus.

82 1174 203 1216 Olim
223 1176 413 1228 vulgatae
435 1174 668 1224 editiones,
690 1174 751 1224 ἤδη
774 1178 831 1216 νῦν
851 1174 961 1227 μόλις
983 1177 1066 1230 ὁρῶ.
1088 1176 1205 1218 Mss.
1229 1178 1414 1231 quidam

80 1245 163 1286 pro
178 1236 237 1273 νῦν
258 1233 427 1274 habent
446 1236 503 1272 νῦν
519 1232 601 1281 καὶ,
620 1233 698 1273 alii
717 1232 804 1283 νυνὶ,
826 1233 870 1273 in
889 1233 1055 1288 quibus
1077 1238 1279 1287 quatuor,
1299 1248 1413 1289 quos

81 1291 180 1343 ipse
201 1290 405 1344 inspexi3
428 1290 524 1345 ἀθρῶ
545 1303 624 1344 pro
649 1292 717 1344 ὁρῶ
737 1290 866 1330 multi
884 1304 895 1340 3
920 1295 1109 1343 utroque
1132 1291 1301 1333 omisso
1323 1292 1415 1334 Ra-

82 1360 264 1393 vennas‚
291 1347 351 1396 ἤδη
373 1347 444 1388 νυνὶ
464 1345 573 1400 μόλις
592 1346 722 1394 αὐτάς.
783 1346 1020 1399 Equidem,
1051 1347 1091 1388 si
1119 1349 1221 1402 quis
1243 1362 1301 1402 ex
1323 1350 1415 1391 dis-

84 1417 216 1445 sensu
237 1403 454 1445 Codicum
474 1408 645 1456 arguat,
675 1406 789 1444 hunc
819 1404 968 1443 locum
991 1404 1088 1457 jam
1125 1409 1226 1446 ante
1261 1419 1416 1448 eorum

84 1466 263 1503 aetatem
275 1461 397 1502 foede
414 1465 671 1513 corruptum
683 1460 822 1500 fuisse
835 1464 878 1501 et
890 1461 1123 1502 veritatem
1137 1463 1184 1502 in
1199 1467 1338 1516 puteo
1351 1465 1416 1505 la-

84 1524 191 1566 tere,
206 1531 298 1559 non
317 1518 595 1559 vehementer
614 1529 781 1568 negem.
815 1517 892 1557 Sin
907 1519 1024 1570 quis,
1040 1532 1064 1559 e
1083 1519 1130 1559 M
1138 1533 1198 1561 SS.
1213 1522 1415 1574 vestigiis

85 1576 194 1630 quid
215 1574 481 1617 eliciendum
503 1585 723 1623 censeam,
742 1573 844 1626 [liv]
866 1575 1075 1628 requirat,
1112 1579 1414 1631 respondebo,

84 1647 155 1675 me
178 1637 316 1674 totam
339 1632 601 1674 sententiam
629 1631 804 1673 Socrati
832 1634 1089 1674 continuare
1119 1635 1251 1676 malle
1281 1640 1325 1679 et
1352 1638 1421 1679 le-'

87 1704 205 1744 gere,
237 1693 330 1733 ΣΩ.
361 1689 453 1730 Νυνὶ
483 1687 577 1742 μάλ’
609 1687 724 1744 ἀθρῶν
744 1685 863 1739 βλέπε
884 1690 970 1744 πρὸς
990 1692 1054 1741 τὴν
1074 1689 1210 1732 εἴσοδον
1229 1692 1306 1743 ἤδη.
1336 1697 1418 1735 Νῦν

85 1746 138 1803 γε’
150 1765 204 1788 τοι
225 1747 286 1798 ἤδη
306 1747 467 1802 καθορᾷς
483 1748 668 1793 αὖτοὶς-.
700 1746 753 1787 In
774 1760 864 1800 quo
882 1747 1034 1789 addidi
1054 1747 1174 1799 βλέπε
1196 1764 1234 1791 e.
1254 1764 1296 1793 V.
1315 1752 1417 1793 322.

89 1804 215 1847 Βλέπε
230 1810 288 1846 νῦν
306 1805 399 1861 δευρὶ
420 1805 507 1860 πρὸς
526 1805 588 1854 τὴν
613 1802 802 1859 Πάρνηθα.
861 1804 891 1846 J
895 1818 1006 1847 ocus
1029 1811 1096 1848 est
1118 1806 1315 1849 Cornicis
1338 1822 1417 1850 an-

88 1864 225 1918 tiquis
246 1863 459 1913 solennis,
480 1866 528 1903 ut
550 1867 748 1904 actorem
769 1874 987 1915 personae,
1018 1877 1154 1918 quam
1176 1866 1281 1918 agit,
1304 1867 1416 1907 obli-

89 1922 203 1963 visci
226 1921 407 1971 faciant,
427 1925 473 1961 et
505 1921 559 1961 de
589 1920 761 1961 theatro
792 1924 866 1961 aut
898 1921 1249 1973 spectatoribus,
1285 1924 1418 1978 quasi

89 1979 428 2033 imprudentem,
450 1977 588 2032 loqui.
619 1975 773 2024 Ε’ίσ-οὸος
791 1980 936 2018 autem
959 1983 1027 2020 est
1047 1992 1101 2020 ea
1117 1979 1278 2022 theatri
1294 1994 1415 2035 pars,

89 2049 179 2090 qua
200 2036 374 2078 Chorus
396 2048 573 2077 scenam
604 2035 751 2076 intrat.
782 2034 901 2075 Vide
937 2035 1024 2077 Av.
1057 2037 1156 2079 297.
1193 2041 1236 2079 et
1265 2038 1416 2080 Schol.

91 2093 207 2147 Ergo
227 2095 453 2143 Socrates,
475 2092 737 2146 Strepsiade
757 2096 962 2147 querente
987 2107 1035 2134 se
1058 2093 1216 2136 Nubes
1237 2108 1328 2136 non
1350 2097 1416 2137 vi-

89 2151 208 2202 dere,
229 2151 477 2205 respondet,
509 2153 522 2171 ‘
541 2150 673 2192 Nunc
694 2150 874 2191 tandem
895 2163 1029 2203 quam
1048 2152 1244 2194 maxime
1259 2153 1418 2195 oculos

90 2210 306 2251 contende
327 2212 371 2250 et
398 2208 456 2249 ad
485 2207 648 2249 theatri
678 2207 901 2249 introitum
932 2212 1113 2261 specta3
1152 2222 1265 2251 nunc
1300 2211 1417 2252 enim

92 2267 271 2308 tandem
293 2279 368 2307 eas
389 2262 545 2307 vides,5
592 2264 698 2305 Μάλ’
719 2264 835 2320 ἀθρεῖν
854 2264 1031 2316 dicitur,
1060 2271 1113 2307 ut
1132 2265 1228 2319 μάλ’
1249 2268 1417 2322 ἀπαυδᾷν

89 2328 134 2364 et
151 2323 262 2377 μάλα
277 2323 416 2364 δάκνειν
447 2323 563 2364 Ran.
583 2323 684 2364 372.
704 2322 805 2364 888.
866 2321 1071 2377 Denique
1090 2321 1178 2381 πρὸς
1197 2326 1260 2375 τὴν
1281 2323 1416 2366 εἴσοδον

91 2386 296 2424 accurate
311 2379 552 2435 respondet
568 2380 711 2421 verbis
728 2379 1097 2434 praecedentibus,
1117 2382 1204 2437 πρὸς
1222 2383 1285 2433 τὴν
1307 2381 1417 2438 Πάρ-

91 2438 190 2488 νηθα.
250 2440 290 2481 Ε
319 2439 494 2480 duobus
516 2438 697 2491 optimae
718 2443 837 2479 notae
859 2437 975 2478 Mss.
996 2452 1023 2480 a
1043 2452 1113 2480 me
1134 2440 1309 2482 collatis
1328 2439 1417 2495 πρὸς

93 2497 304 2550 adoptavi
336 2510 416 2551 pro
447 2496 566 2551 mgni,
599 2508 731 2549 quam
762 2494 1018 2537 varietatem
1050 2509 1075 2539 e
1106 2497 1228 2540 nullo
1258 2497 1415 2541 codice

93 2553 237 2596 adhuc
256 2558 485 2596 enotatam
506 2565 602 2595 esse
622 2552 820 2608 profecto
840 2553 1014 2596 mirum.
