1596 2824
486 75 656 108 INDEX
697 74 942 107 LATINUS.
1339 64 1397 106 99

360 169 398 202 Τ.

59 257 215 298 Tempora
240 256 405 287 verborum
437 256 561 287 diversa
584 257 709 299 Tragici

100 301 289 342 permiscent
304 303 344 331 21

59 343 245 374 Tetrametri
261 343 436 375 catalectici
450 344 521 374 xxix

59 386 218 428 Trajectio
233 387 477 418 constructionis
493 387 579 417 Add.
596 390 680 419 1030

60 429 275 471 Transpositio
301 441 413 461 vocum
438 431 592 461 tutissima
615 431 710 461 corri-

104 474 200 514 gendi
213 474 292 504 ratio
308 474 371 504 viii.
405 473 489 513 [Res
505 479 552 504 est
564 479 630 503 tam
645 484 711 504 cer-

104 522 147 552 ta,
175 521 211 547 ut
226 517 385 557 argutiolis
401 517 548 553 convelli,
564 522 630 547 tam
646 517 709 547 late

103 565 227 600 patens,
236 566 270 590 ut
279 560 417 590 terminis
428 560 637 591 circumscribi
648 570 711 590 non

104 604 217 643 possit.
250 603 589 644 PrincipiCriticoruni
616 603 710 643 [Por—

105 647 176 676 soni
190 646 320 676 virtutes
330 647 610 676 excellentissimas
625 651 661 676 ut
672 646 711 676 ti-

104 700 197 719 rones
208 689 305 720 nostri
313 694 516 729 cognoscant,
527 690 634 730 legant
641 700 711 729 quae

106 733 265 763 Matthiae
275 732 315 762 de
333 732 396 762 illis
413 733 571 763 verissime
587 732 713 773 scripsit

107 775 335 815 Euripid.t.vi.
346 786 377 816 p.
390 776 464 806 xxii.
490 776 548 805 Est
558 777 623 805 haec
636 777 712 806 ima-

107 829 147 859 go
158 819 215 849 viri
229 819 481 859 incomparabilis
493 819 531 849 ad
544 819 648 849 vivum
661 830 712 849 ex-

107 872 228 902 pressa,
250 863 375 903 qualem
390 863 494 892 animo
517 862 715 892 informatam

110 915 171 946 ego
186 915 310 945 semper
324 905 436 935 habui:
454 910 500 940 ut,
516 916 584 935 cum
599 905 716 945 scripta

109 958 129 978 a
154 948 380 979 candidissimo
399 948 526 979 homine
552 948 715 989 integerri-

110 1002 224 1032 moque
252 992 439 1021 aestimatore
462 992 616 1022 bonorum
639 992 715 1022 alie-

109 1044 223 1065 norum
238 1035 386 1075 legerem,
410 1045 429 1064 a
443 1045 493 1065 me
515 1036 584 1075 ipso
599 1035 717 1074 scripta

110 1078 215 1119 legere
245 1078 323 1108 mihi
351 1078 481 1109 viderer.
523 1079 565 1110 G.
590 1078 636 1110 H·
661 1078 715 1120 S.]

113 1122 208 1162 plane
230 1121 462 1152 consentientes
484 1121 638 1152 duumviri
653 1122 718 1151 cla-

111 1164 237 1201 rissimi,
247 1164 461 1195 Ruhnkenius
472 1165 511 1195 ad
521 1164 624 1195 Rutil.
635 1165 717 1205 Lup.

113 1218 146 1248 p.
172 1211 246 1239 107.
269 1207 323 1238 1).;
348 1207 440 1238 ‘Hoc
465 1208 717 1248 transpositionis

111 1251 287 1281 remedium
301 1251 496 1281 lenissimum
512 1257 571 1287 est,
587 1257 618 1281 et
634 1261 718 1291 stcpe

113 1294 234 1334 magnis
277 1294 512 1324 difficultatibus
555 1294 719 1324 medetur!

114 1337 315 1367 Her-mannus
338 1337 379 1367 ad
401 1336 606 1378 Aristophan.
631 1337 718 1367 Nub.

116 1383 212 1412 1309.
226 1391 232 1409 2
252 1384 260 1397 ‘
272 1380 547 1421 Transpositiones
563 1380 720 1420 ejusmodi

115 1424 237 1453 nullam
257 1423 375 1453 habent
398 1423 584 1453 temeritatis
612 1428 719 1453 notam

115 1466 200 1506 apud
215 1476 282 1501 θος,
295 1467 350 1506 qui
364 1467 583 1502 meminerunt,
595 1466 720 1505 quoties

115 1509 230 1539 librarii
255 1510 289 1539 in
311 1509 389 1549 ipsis
413 1509 560 1539 trimetris
587 1509 720 1548 aliisque

114 1552 285 1583 notissimis
294 1552 414 1587 metris,
422 1552 537 1581 nedum
549 1553 583 1582 in
595 1552 720 1582 liberio-

115 1596 201 1626 ribus
221 1596 369 1631 numeris‚
392 1596 555 1625 verborum
579 1595 720 1624 ordinem

117 1639 196 1668 male
211 1638 425 1668 mutaverint-³
462 1638 499 1668 In
516 1638 721 1678 scriptoribus

115 1682 279 1723 prosaicis,
316 1692 448 1722 quorum
482 1681 722 1711 inst-rumentum

116 1725 260 1755 criticum
283 1724 467 1765 diligentius
483 1724 616 1765 inspexi,
644 1723 722 1754 nihil

116 1768 183 1798 vidi
192 1778 211 1797 a
222 1767 352 1798 librariis
363 1767 559 1808 frequentius
570 1767 724 1797 variatum

117 1820 213 1851 quam
246 1810 387 1840 ordinem
421 1810 580 1840 verborum
597 1820 604 1840 :
653 1809 722 1849 [De

119 1854 339 1884 Demosthene
364 1853 449 1883 idem
470 1853 593 1892 scripsit
620 1852 722 1882 Obso-

118 1907 209 1937 poeus
229 1897 263 1926 in
286 1901 352 1926 not.
379 1896 419 1926 ad
441 1896 566 1926 Libanii
589 1894 722 1935 Argum.

121 1940 256 1980 Olynth.
271 1940 293 1969 i.
306 1950 378 1980 pag.
392 1942 423 1969 7.
438 1941 492 1969 26.
518 1938 561 1969 R,
605 1937 667 1967 Sed
690 1944 724 1968 ut

120 1984 227 2023 plures
235 1982 327 2013 etiam
338 1987 437 2012 testes
449 1992 600 2022 corrogeS,
616 1987 723 2012 tamen

121 2030 213 2056 erunt
238 2026 292 2066 qui
317 2030 467 2055 testantes
492 2035 554 2055 non
582 2024 723 2055 audiant.

120 2069 247 2109 Nempe
262 2068 376 2098 nolunt
387 2067 505 2103 audire,
518 2067 658 2108 quamvis
670 2077 723 2096 va-

122 2112 208 2143 leant
222 2111 341 2142 auditu.
369 2112 411 2142 G.
429 2111 476 2142 H.
495 2111 549 2152 S.]
575 2111 658 2150 quod
675 2110 723 2150 ip-

123 2166 192 2185 sum
214 2154 308 2185 crisin
331 2154 364 2184 in
385 2154 448 2184 illis
462 2154 554 2194 longe
570 2153 726 2194 longeque

121 2198 353 2239 impeditiorem
365 2197 479 2231 reddit,
494 2207 588 2236 quam
602 2196 635 2225 in
647 2195 725 2235 poe'-

121 2240 176 2277 tis,
198 2240 252 2271 ubi
274 2244 443 2270 metrorum
467 2240 553 2280 leges
579 2239 620 2268 ad
641 2239 724 2268 ordi-

124 2294 195 2314 nem
223 2282 499 2323 redintegrandum
529 2283 594 2312 fere
632 2292 728 2311 manu

124 2325 352 2357 ducunt.—De
370 2325 513 2366 AEschyli
527 2326 596 2355 loco
618 2324 728 2365 suppl.

124 2373 200 2401 800.
215 2370 348 2399 duarum
362 2368 604 2409 transpositione
618 2377 729 2397 vocum

124 2412 266 2443 sanando
290 2411 367 2452 quid
394 2411 467 2440 mihi
482 2412 616 2450 placcat,
640 2411 679 2440 ad
693 2410 728 2440 fi-

124 2466 197 2486 nem
225 2454 443 2495 Supplementi
468 2453 668 2483 Proefationis
696 2463 728 2493 p.

124 2499 190 2529 lxii.
204 2497 354 2528 indicavi.
394 2496 583 2539 Apollodori
593 2496 729 2526 trimetri

125 2542 270 2582 leguntur
284 2539 369 2581 apud.
385 2539 543 2569 Stobaeum
559 2550 565 2568 :
582 2541 653 2570 Τοῖς
667 2538 729 2579 ’γὰρ

122 2583 327 2623 λυπουμένοις
336 2596 371 2616 τε
380 2582 431 2614 καὶ
440 2581 729 2623 μεριμνῶσιν“Ἀπα-

797 182 839 202 σα
849 170 900 210 νὺξ
913 168 993 201 ἔοικε
1006 167 1168 209 φαίνεσθαι
1180 168 1293 210 μακρά.
1318 169 1405 200 Con-

792 214 866 254 jicit
880 214 926 244 vir
938 213 1081 253 egregius
1096 212 1136 242 ad
1149 211 1281 243 Anthol.
1298 212 1404 244 Graec.

796 257 830 287 ii.
847 260 878 288 2.
893 268 926 297 p.
944 259 1037 287 43o.:
1063 257 1134 286 Τοῖς
1157 255 1219 295 γὰρ
1245 256 1402 295 λυπουμέ-

797 299 877 331 νοισί
889 312 924 331 τε
937 297 1144 341 κᾴνιωμένοις.
1168 299 1346 339 Aliquanto
1362 301 1406 330 le-

798 343 868 373 nius
893 342 1091 384 transpositis
1106 342 1233 373 vocibus
1249 342 1384 383 corrigas
1397 354 1403 372 ε

798 387 869 418 Τοῖς
892 386 954 427 ’γὰρ
968 385 1156 427 μεριμνῶσίν
1172 398 1208 417 τε
1224 385 1274 417 καὶ
1289 391 1406 418 λυπου-

800 429 913 468 μένοις·
928 429 1084 471 quomodo
1097 429 1213 459 dudum
1225 429 1314 459 dedit
1326 429 1407 460 Gro-

800 473 865 503 tius
884 473 971 503 Stob.
997 483 1028 513 p.
1052 475 1127 504 419.
1152 473 1225 503 coll.
1242 483 1314 513 pag.
1330 476 1406 504 553.

801 516 871 556 ipso
888 516 907 547 J
912 516 1038 546 acobsio
1050 515 1201 557 probante
1212 515 1244 545 in
1256 515 1406 546 Addend.

801 559 847 589 iii.
863 563 893 590 3.
909 570 982 599 pag.
996 562 1047 591 39.
1070 558 1291 599 Xenophontis
1303 558 1406 589 locum

802 602 930 634 Hellen.
954 603 997 633 iV.
1021 605 1053 633 3.
1075 605 1129 634 19.
1152 602 1269 632 inserto
1294 601 1408 633 ἐώθουν

801 655 865 675 non
880 645 1044 686 persanavi
1057 656 1065 682 3
1078 656 1164 681 nam,
1180 646 1264 686 quod
1280 655 1330 675 me
1347 656 1407 686 pu-

802 688 857 718 det
884 699 947 719 non
975 689 1083 719 statim
1107 689 1234 724 vidisse,
1258 694 1410 729 praeterea

801 742 865 762 una
879 742 957 762 voce
976 732 1165 773 transposita
1186 731 1384 762 scribendum
1400 744 1407 761 :

803 774 854 805 καὶ
877 774 1095 813 συμβαλόντες
1115 775 1172 806 τὰς
1187 773 1320 806 ἀσπίδας
1336 774 1409 813 ἐμοί-

802 830 912 858 χοντο,
931 819 1055 854 ἐώθουν,
1079 819 1239 854 ἐωθοῦντο,
1266 818 1412 849 ἀπέκτει-

803 873 867 897 νον,
892 861 1099 899 ἀπέθνησκον.
1145 862 1329 902 Eodemque
1342 873 1411 892 mo-

805 904 845 935 do
859 905 894 934 in
909 905 1057 945 Agesilao
1067 905 1101 935 ii.
1116 908 1168 936 12.
1184 905 1411 946 corrigendum.

804 947 889 977 Mihi
911 948 1039 988 quidem
1066 948 1204 988 vulgata,
1235 948 1355 988 quippe
1381 953 1414 978 et

806 997 960 1021 commate
985 992 1024 1021 ad
1038 992 1186 1022 orationis
1199 992 1412 1031 integritatem

805 1035 981 1065 necessario
1004 1034 1140 1070 defecta,
1163 1039 1196 1065 et
1211 1045 1311 1065 rerum
1323 1035 1413 1064 dein-

806 1088 880 1118 ceps
895 1078 1155 1118 consequentium
1175 1078 1319 1108 ordinem
1340 1088 1413 1118 per-

805 1127 941 1156 vertens,
965 1121 1077 1150 mirum
1108 1126 1260 1161 quantum
1286 1120 1411 1150 sordet:

807 1174 922 1204 neque,
948 1170 984 1194 ut
999 1164 1133 1203 placeat,
1157 1164 1291 1194 rationes
1308 1164 1412 1204 pervi-

809 1213 930 1243 cerunt,
955 1207 1067 1248 quibus
1092 1217 1111 1237 a
1128 1207 1245 1248 juvene
1268 1207 1361 1238 docto
1383 1212 1416 1237 et

807 1250 972 1290 ingenioso
984 1260 1084 1290 nuper
1093 1250 1225 1280 defensa
1235 1254 1293 1281 est.
1319 1250 1416 1286 Quod

809 1300 914 1323 autem
926 1294 959 1323 in
973 1293 1115 1333 Longino
1130 1293 1332 1334 [Homericis,
1345 1304 1415 1334 quae

808 1336 925 1367 ibidem
935 1342 970 1366 ut
977 1336 1154 1376 exemplum
1163 1336 1313 1366 orationis
1320 1347 1416 1377 prop-

808 1384 856 1409 ter
879 1380 916 1410 τὸ
942 1379 1083 1410 ἅπλοκον
1098 1380 1244 1419 gravioris
1260 1384 1292 1409 et
1311 1380 1416 1410 conci-

809 1423 927 1453 tatioris
936 1423 1081 1457 citantur,
1090 1423 1203 1453 vellem
1213 1422 1336 1453 Rhetor
1347 1423 1417 1452 abs-

809 1466 966 1497 tinuisset.
1005 1466 1126 1506 Saepius
1137 1466 1220 1496 enim
1231 1465 1332 1496 Poeta
1342 1466 1415 1495 hex-

809 1509 919 1538 ametri
942 1509 1032 1538 initio
1056 1508 1201 1549 copulam
1224 1508 1269 1538 ita
1284 1509 1414 1544 omittit,

810 1552 887 1581 nihil
900 1557 935 1581 ut
949 1552 1023 1582 inde
1041 1552 1199 1591 gravitatis
1213 1552 1346 1582 orationi
1361 1563 1413 1582 ac-

810 1595 912 1625 cedat.
957 1595 1009 1624 Sic
1033 1594 1074 1624 Il.
1100 1594 1143 1624 xi.
1171 1597 1243 1626 197.
1266 1606 1315 1626 xv.
1338 1598 1415 1626 239.

809 1636 868 1677 εὗρ’
884 1637 949 1668 υἱὸν
964 1636 1168 1679 Πριάμοιοῇ·
1187 1641 1220 1667 et
1235 1638 1320 1668 alibi.
1360 1637 1415 1666 In-

809 1681 915 1721 primis
941 1686 1012 1721 post
1038 1681 1166 1710 nomina
1195 1681 1320 1721 propria
1357 1682 1416 1711 hoc

810 1723 985 1765 asyndeton
1011 1724 1210 1763 frequentat:
1236 1734 1267 1753 V.
1294 1723 1334 1754 Il.
1366 1735 1415 1754 xv.

811 1769 885 1797 214.
910 1767 994 1798 xviii.
1009 1770 1062 1798 40.
1077 1769 1130 1798 45.
1145 1770 1197 1797 48.
1244 1766 1347 1802 Quam
1369 1777 1416 1796 ra·
1441 1804 1450 1806 -

810 1810 931 1839 tionem
953 1810 1046 1839 etiarn
1062 1810 1169 1839 Latini
1184 1809 1289 1849 poe'tae
1304 1809 1418 1840 imitati

810 1858 894 1889 sunt,
924 1858 960 1882 ut
986 1852 1136 1892 Virgilius
1162 1852 1238 1881 fEn.
1260 1852 1315 1882 vii.
1340 1855 1417 1883 631.

812 1895 929 1926 Omnia
955 1895 986 1925 in
1013 1895 1063 1924 his
1086 1895 1165 1925 locis
1189 1895 1309 1930 sedata,
1339 1895 1416 1925 nihil

813 1938 973 1973 concitati,
1012 1938 1159 1978 quodque
1192 1948 1284 1978 supra
1314 1938 1418 1968 lenem

810 1982 995 2011 narrationis
1019 1985 1161 2011 tenorem
1185 1982 1342 2021 adsurgat.
1375 1982 1417 2013 G.

813 2024 860 2054 H.
877 2023 930 2063 S.]
955 2025 1041 2054 locus
1067 2024 1122 2060 sic,
1152 2029 1184 2053 ut
1199 2024 1291 2064 vulgo
1307 2024 1418 2060 edunt,

813 2067 937 2102 citatur,
964 2077 1013 2096 rue
1034 2077 1199 2107 perparum
1224 2072 1341 2102 movet,
1366 2068 1418 2098 cui

814 2111 865 2139 vix
893 2110 992 2149 possit
1022 2110 1213 2149 persuaderi,
1240 2111 1322 2140 hanc
1351 2120 1418 2141 esse

814 2162 938 2182 manuni
956 2152 1053 2192 ipsius
1068 2152 1214 2192 Longini.
1259 2152 1420 2183 Ponamus

814 2195 909 2230 enim,
924 2196 1086 2235 vulgatam
1094 2196 1127 2224 in
1140 2195 1313 2225 Hellenicis
1323 2197 1419 2236 scrip-

815 2243 916 2268 turam
928 2248 946 2267 a
957 2238 1168 2278 Xenophonte
1186 2239 1354 2278 profectam
1372 2249 1421 2269 es-

814 2291 859 2311 se.
905 2280 958 2310 An
991 2281 1098 2311 credet
1127 2281 1304 2321 quisquam,
1331 2281 1419 2312 Rhe-

814 2330 915 2354 torem
937 2323 1136 2364 eundemque
1158 2324 1308 2354 Criticum
1332 2335 1349 2354 e
1375 2324 1422 2354 lu-

818 2372 850 2397 to
878 2367 983 2396 fictum
1014 2367 1144 2402 meliori,
1183 2371 1218 2397 ut
1246 2367 1422 2397 illustrioris

817 2409 964 2450 asyndeti
988 2410 1165 2450 exemplum
1186 2420 1203 2440 e
1228 2409 1422 2450 Xenophon-

818 2453 879 2483 teis
905 2453 1004 2491 daret,
1027 2453 1059 2482 in
1084 2452 1183 2482 libera
1206 2453 1337 2493 optandi
1364 2464 1421 2493 po-

816 2500 932 2526 testate
956 2496 1062 2525 locum
1088 2506 1125 2525 ex
1153 2495 1327 2526 Hellenicis
1356 2506 1421 2536 pae-

819 2549 858 2568 ne
882 2538 983 2568 dicam
1006 2536 1131 2576 ἀλόγως
1156 2538 1303 2578 scriptum
1328 2539 1421 2569 datu-

819 2592 886 2613 rum
906 2580 1013 2617 fuisse,
1034 2591 1098 2612 non
1110 2581 1252 2613 daturum
1266 2581 1361 2614 fuisse
1378 2582 1423 2613 al-
