1565 2834
450 368 692 419 INDEX
750 370 975 421 LATIN
988 371 1089 422 US.

403 617 446 648 A.

100 698 312 731 Accusativus
335 701 455 741 duplex
478 712 497 732 a
523 703 619 734 verbo
643 709 747 734 rectus

144 745 220 774 282.
239 747 333 775 1421.
378 745 594 777 Accusativus
609 746 748 778 Doricus

141 785 381 827 adjectivorum,
398 789 526 828 εὐκλεᾶ,
542 796 605 820 etc.
620 793 704 822 1307

100 827 347 861 Anachronismi
361 831 388 861 Τ
392 832 565 873 ragicorum
578 836 661 864 1386

100 872 264 914 Analogiae
278 875 490 915 repugnantia
505 879 580 907 405.
625 876 749 918 [Multo

144 917 244 957 magis
274 917 416 955 ferenda,
447 928 542 959 quam
571 919 749 960 effingenda

140 965 290 995 monstra,
316 962 402 1001 quali
416 971 575 992 nonnemo
593 962 746 1003 effingens

141 1003 321 1040 δυσθνησκῶ
334 1004 539 1036 Graecitatem
554 1016 656 1046 nuper
671 1007 746 1037 bea-

141 1045 198 1076 vit,
224 1047 267 1077 G.
284 1047 332 1078 H.
348 1047 400 1088 S.]

96 1088 263 1129 Anapaesti
278 1090 310 1120 in
327 1091 450 1122 senario
465 1093 519 1122 45.
559 1091 744 1134 Anapaesto-

141 1142 206 1162 rum
222 1134 344 1174 patroni
362 1137 445 1166 1354

100 1174 218 1206 Aoristi
248 1177 311 1207 vim
342 1177 497 1208 habentes
534 1178 746 1220 perfectorum

140 1221 195 1249 68.
238 1218 362 1250 Aoristi
383 1223 413 1251 1.
436 1226 468 1251 et
491 1224 522 1252 2.
540 1223 656 1262 passiv.
670 1225 745 1254 986.

138 1260 341 1293 Aoristorum
356 1264 549 1305 conjunctivi
565 1267 629 1296 740

98 1304 279 1336 Articulum
306 1316 375 1337 raro
409 1308 542 1348 propriis
566 1308 746 1339 nominibus

140 1348 223 1387 praefi
229 1354 305 1389 gunt
315 1349 449 1390 Tragici,
465 1350 527 1381 nisi
539 1357 667 1392 propter
679 1362 744 1382 em·

141 1391 256 1429 phasin
270 1393 428 1433 quandam
442 1399 496 1424 aut
509 1393 599 1424 initio
615 1400 743 1426 senten-

139 1434 203 1470 tiae,
220 1435 274 1466 ubi
292 1436 446 1476 particula
462 1437 608 1467 inseritur
624 1441 684 1469 145

96 1476 314 1518 Augmentum
335 1489 374 1509 an
397 1479 537 1520 Tragicis
562 1481 743 1521 neglectum

140 1523 236 1552 1252.
265 1532 284 1551 a
310 1522 439 1553 librariis
465 1524 617 1554 omissum
648 1527 743 1556 1443.

140 1566 235 1595 1696.
258 1564 318 1605 [V.
346 1565 418 1595 Ind.
443 1565 547 1597 Graec.
569 1566 610 1597 ad
635 1566 745 1598 Schol.

138 1606 291 1647 Apollon.
316 1608 424 1639 Rhod.
446 1619 477 1649 p.
491 1613 566 1641 655.
581 1620 610 1640 a.
636 1611 678 1641 G.
696 1611 743 1642 H.

401 1776 438 1808 C.

95 1858 298 1900 Colophonia
313 1860 411 1901 figura
426 1862 468 1891 86

95 1901 310 1943 Comparativi
340 1909 372 1934 et
402 1903 582 1943 superlativi
619 1905 741 1936 confusi

136 1947 211 1976 545.
227 1948 291 1977 612

95 1987 351 2028 Compositorum
373 1989 539 2019 verborum
553 1989 740 2031 disjunctio—

136 2041 209 2062 nem
237 2032 271 2062 in
296 2042 407 2062 versus
433 2032 503 2063 fine·
520 2043 559 2063 an
580 2034 742 2074 patiantur

137 2074 250 2115 tragici
264 2075 381 2105 senarii
399 2077 482 2106 1340

95 2116 325 2158 Conjunctivus
350 2124 422 2159 post
444 2118 638 2159 praeteritum
660 2125 740 2150 tern-

138 2171 197 2201 pus
213 2163 255 2192 68

395 2285 427 2315 D

94 2368 230 2399 Dativus
243 2378 299 2410 pro
312 2369 452 2409 genitivo
467 2372 520 2401 84.
535 2373 610 2402 948.
647 2371 739 2402 Dati-

135 2421 193 2441 vus
219 2412 354 2453 pluralis
382 2416 409 2443 1.
437 2412 587 2445 declinat.
601 2413 634 2444 in
643 2427 741 2457 -ῃσι

94 2496 300 2528 Dawesianus
331 2496 441 2528 Canon
471 2498 510 2528 de
537 2509 596 2529 usu
618 2499 741 2531 diverso

136 2540 328 2581 conjunctivi
340 2546 372 2570 et
388 2541 522 2581 optativi
536 2544 578 2573 68

92 2582 324 2624 Diphthongus
347 2589 421 2613 ante
448 2585 572 2615 brevem
597 2586 740 2618 vocalem

136 2625 214 2656 elidi
229 2635 292 2656 non
306 2631 414 2667 potest
430 2628 514 2658 1230

178 2670 292 2709 Eurip.
307 2670 425 2701 Phoen.

792 620 921 651 Doricae
944 621 1072 654 dialecti
1097 633 1170 653 usus
1194 622 1278 665 apud
1292 622 1441 664 Tragicos

836 666 911 695 866.
927 667 1023 697 1158.
1040 668 1123 697 1307

793 706 914 737 Duales
937 709 1054 739 formas
1068 708 1240 750 saepissime
1255 709 1441 740 oblitterant

836 751 955 781 librarii
979 755 1053 784 568.
1082 755 1178 784 1248.
1200 755 1296 785 1418.
1321 752 1439 783 eaedem

837 794 920 824 male
934 794 1032 825 illatae
1047 797 1123 826 431.
1139 798 1222 827 1263

794 840 802 854 ‘
817 835 1009 869 Dulcissime
1024 848 1126 869 rerum
1136 838 1143 850 '
1161 841 1247 871 1730

1098 955 1137 985 E.

790 1036 902 1068 Elisio.
926 1037 1154 1080 Diphthongus
1165 1044 1237 1070 ante
1247 1039 1374 1070 brevem
1383 1050 1439 1071 vo·

833 1082 933 1111 calem
947 1082 1026 1112 elidi
1040 1091 1104 1112 non
1119 1087 1224 1124 potest
1239 1086 1323 1114 1230

790 1123 975 1165 Etymorum
996 1125 1187 1156 mentionem
1210 1126 1338 1167 Tragici
1362 1125 1439 1158 faci·

879 1173 890 1197 t

790 1171 962 1251 Euliilpidgs
977 1222 1072 1243 voces
1088 1211 1163 1242 data
1176 1221 1272 1253 opera
1294 1217 1439 1253 repetens

791 1256 957 1338 Exffissta·
994 1298 1124 1329 Errores
1140 1298 1297 1329 innumeri
1313 1309 1350 1328 ex
1366 1308 1435 1338 per-

833 1340 1000 1371 miscendis
1012 1342 1121 1371 similis
1133 1342 1299 1373 sententiae
1309 1351 1437 1382 excerpa

832 1383 873 1413 tis
887 1394 1061 1425 provenere
1076 1388 1139 1417 567

1090 1501 1134 1533 G.

789 1584 901 1616 Genus
923 1586 1133 1616 masculinum
1156 1584 1280 1616 numeri
1304 1584 1437 1626 pluralis

830 1629 870 1659 de
894 1630 1026 1659 muliere
1052 1631 1147 1660 1730.
1191 1629 1327 1660 Generis
1350 1629 1437 1659 enal-

831 1672 901 1713 lage
915 1673 948 1703 in
963 1672 1196 1703 constructione
1210 1672 1436 1713 adjectivorum

831 1725 903 1745 cum
918 1715 1059 1756 genitivo
1073 1715 1338 1745 substantivorum
1354 1717 1437 1747 1730

791 1756 964 1799 Gregorius
981 1758 1012 1789 N
1015 1758 1179 1789 azianzen.
1195 1760 1280 1790 1396

1087 1874 1132 1905 H.

785 1958 940 2000 Hesychii
955 1958 1063 1990 Codex
1078 1961 1142 1990 463

786 2002 902 2032 Hiatus
918 2004 992 2033 807.
1008 2005 1071 2033 892

786 2045 1043 2076 Homoeoteleuta
1057 2047 1121 2077 423

1092 2162 1120 2193 Ι.

783 2244 888 2275 Iambi
902 2255 959 2286 pro
974 2246 1127 2287 spondeis
1142 2248 1217 2278 545.
1233 2249 1315 2278 1721

784 2287 983 2318 Indicativus
1006 2300 1078 2319 cum
1101 2290 1268 2331 participio
1284 2290 1433 2321 confusus

828 2333 905 2361 603.
923 2333 1018 2362 1028.
1036 2334 1227 2364 1171.1738

784 2373 965 2404 Infinitivus
980 2385 1054 2405 cum
1067 2375 1262 2406 nominativo
1275 2378 1351 2407 490.
1378 2376 1432 2406 In-

828 2416 942 2446 finitivi
964 2427 1042 2447 usus
1065 2418 1099 2448 in
1124 2418 1341 2459 indignatione
1357 2422 1432 2450 530.

828 2458 981 2489 Infinitivi
994 2464 1027 2490 et
1038 2461 1205 2502 participia
1215 2462 1344 2493 confusa
1360 2464 1433 2494 194.

827 2505 903 2532 557.
919 2504 995 2533 716.
1011 2505 1096 2535 1738

783 2543 1080 2584 Interpunctionum
1097 2546 1213 2577 abusus
1227 2550 1292 2579 892

784 2587 855 2618 Iota
870 2587 1062 2628 adscriptum
1076 2588 1227 2621 facillime
1242 2591 1276 2622 in
1299 2600 1317 2622 ν
1330 2596 1430 2622 muta-

828 2635 878 2660 tur
894 2631 977 2662 1413
