1566 2789
94 22 180 65 100

138 155 196 187 pro
217 157 269 179 τοι
293 144 333 177 ἂν
358 149 433 178 504.
455 149 531 179 863.
547 159 597 179 τοι
613 158 652 178 an
669 148 745 179 elidi

141 190 238 229 possit
261 195 335 221 ante
360 189 399 227 ἣν
421 194 495 222 863.
542 191 657 222 Atticis
681 202 744 222 non

138 233 231 263 licuit
245 244 284 272 γε
299 239 368 274 post
381 245 431 264 τοι
447 244 575 275 ponere,
598 235 660 265 nisi
681 235 744 265 alio

141 276 294 306 vocabulo
315 277 479 319 inim-jecto
504 281 558 310 76.
580 290 629 310 τοι
650 284 684 309 et
707 278 744 316 δὴ

141 320 272 351 confusa
288 322 370 352 1115

92 362 200 395 τόσος.
224 361 321 394 τόσον
336 368 368 393 et
387 363 489 396 τόσως
504 365 634 395 confusa
648 368 744 397 1191.

137 405 281 442 τοσόνδε,
305 410 369 438 etc.
385 412 418 438 et
432 407 470 438 τὸ
485 407 554 443 σὸν,
584 415 645 440 etc.
660 410 744 440 conf.

138 452 214 481 461.
228 449 380 490 τοσόσγε,
396 451 531 483 ’τοσόσδε
544 454 563 483 7
568 454 607 484 23

95 493 195 524 τόσως
208 499 242 525 et
256 493 352 525 τόσον
367 495 450 525 conf.
468 497 547 526 1191

95 536 169 568 τότε
183 542 216 567 et
229 536 302 569 τόδε
317 537 448 568 confusa
463 540 527 570 889

94 579 218 620 τριήρης
232 581 271 611 de
290 581 404 622 poculo
422 584 483 613 139

95 623 207 664 τρόχοι
222 627 263 656 45

94 668 220 708 τρωπᾷν
233 670 297 699 664

95 710 279 749 τυγχάνειν.
327 710 378 741 De
404 712 636 743 constructione
663 713 696 742 h.
713 724 741 744 v.

139 757 214 786 756.
261 753 321 794 [V.
343 754 498 787 Phoeniss.
516 758 611 787 1660.
637 756 679 787 G.
697 756 742 787 H.

397 928 433 956 Ὺ.

95 1020 112 1039 υ
126 1007 159 1038 in
182 1007 263 1039 Mss.
279 1013 397 1050 puncto
414 1008 534 1051 duplici
553 1015 695 1041 notatum
711 1014 742 1042 7.

95 1054 225 1133 -ιῖὶῗὺ
249 1094 300 1125 De
315 1096 374 1126 hac
389 1097 552 1127 verborum
563 1097 675 1133 forma,
692 1109 742 1128 ra-

136 1137 225 1168 tione
240 1138 350 1170 habita
363 1140 529 1180 politarum
545 1140 741 1173 scenicorum

96 1183 212 1262 ὑμῖἒῖῗ.
235 1223 286 1255 De
302 1225 478 1265 quantitate
496 1226 528 1257 h.
545 1237 575 1258 v.
590 1230 654 1259 426

93 1266 300 1307 ὑπεκτέρχειν
311 1271 374 1299 985

94 1310 302 1350 ὑπεκφεύγειν
316 1313 379 1342 985

95 1354 291 1395 ὁπεμβρυοῦν
320 1364 359 1384 an
389 1353 527 1396 Tragicis
554 1362 740 1398 usurpatum

98 1399 238 1479 ὑπὲμξγῖξίζ
237 1443 336 1477 εσθαι,
365 1441 387 1471 i.
411 1452 443 1483 q.
468 1441 619 1484 πρότερον
649 1443 741 1485 ἐργά-

137 1482 158 1522 ζ
157 1487 243 1515 εσθαι
257 1487 321 1516 867

95 1526 154 1558 ὑπὸ
178 1538 251 1558 cum
276 1527 417 1569 genitivo
442 1535 515 1567 post
539 1530 674 1561 activum
691 1531 741 1561 vel

136 1571 279 1601 neutrale
296 1572 423 1602 verbum
440 1574 521 1603 1011

93 1612 190 1644 -ύω.
212 1613 263 1644 De
280 1614 340 1645 hac
356 1615 523 1645 verborum
537 1615 648 1651 forma,
666 1616 741 1647 rati—

137 1666 198 1687 one
220 1657 327 1688 habita
352 1657 518 1698 pob'tarum
543 1659 741 1691 scenicorum

138 1703 201 1732 744

398 1830 433 1857 Φ.

95 1908 220 1949 φαιδρὸς
234 1914 266 1940 ct
281 1909 411 1951 τερπνὸς
422 1911 555 1942 confusa
571 1913 654 1942 1039

94 1951 173 1991 φάος
188 1958 220 1982 et
235 1954 300 1992 φῶς
316 1954 448 1984 confusa
463 1956 526 1985 750

93 1995 255 2035 φάρμακον
269 1999 334 2028 716

92 2038 221 2078 φάσθαι.
244 2039 296 2069 De
306 2045 439 2071 accentu
454 2041 544 2083 hujus
559 2040 706 2072 infinitivi
724 2045 737 2073 l

94 2083 216 2123 φαῦλος
230 2089 265 2114 et
278 2084 419 2124 φλαῦρος
433 2085 562 2115 confusa
577 2088 659 2116 1100

93 2124 225 2165 φεύγειν
235 2131 268 2157 et
282 2128 396 2166 φυγεῖν
411 2128 540 2158 confusa
554 2131 617 2159 907

91 2169 219 2209 φθάνειν
234 2172 318 2201 1166

91 2213 202 2253 φιλίαν
213 2213 441 2254 ἀνακίρνασθαι,
455 2220 518 2245 etc.
536 2217 596 2246 138

90 2255 196 2296 φίλιος
211 2262 243 2287 et
258 2256 352 2297 φίλος
367 2258 495 2288 confusa
511 2260 572 2289 138

92 2299 266 2339 φιλόξενος.
303 2300 355 2331 De
370 2301 522 2331 feminino
538 2302 567 2332 h.
585 2311 614 2333 v.
631 2304 694 2333 822

91 2342 184 2383 φίλος
200 2348 232 2374 et
247 2342 352 2385 φίλιος
367 2345 499 2375 confusa
516 2347 575 2375 138

548 34 723 68 INDEX
762 35 1002 70 GRAECUS.

789 149 927 190 φλαῦρος
943 154 976 179 et
990 150 1112 189 φαῦλος
1127 150 1259 182 confusa
1275 153 1360 183 1100

785 191 970 233 φλογωπὸς,
985 193 1122 234 φλογὼψ
1140 196 1222 225 1363

787 234 897 275 φόβος,
914 236 983 267 εἰ·-
999 239 1071 268 187.
1089 235 1189 277 φόβος
1204 245 1237 268 et
1252 236 1344 276 δόμος
1359 247 1434 268 con·

828 280 898 310 fusa
915 282 990 311 487.
1014 280 1114 320 φόβος
1136 287 1169 311 et
1190 279 1285 322 φόνος
1304 280 1434 312 confusa

786 365 912 406 φοίνιος.
936 366 988 396 De
1004 367 1157 398 feminino
1172 368 1204 398 h.
1220 380 1250 398 v.
1265 369 1340 398 860.
1364 366 1433 406 φαί-

829 421 892 441 νιος
907 416 939 439 et
954 409 1062 450 φόνιος
1077 411 1210 441 confusa
1224 414 1300 443 860.
1317 412 1402 441 1249

786 451 892 492 φόνιος
907 459 940 483 et
956 452 1073 493 φοίνιος
1087 455 1219 485 confusa
1233 457 1312 486 860.
1327 456 1412 484 1219

786 495 883 536 φόνος
899 502 933 527 et
948 496 1047 536 φόβος
1063 497 1196 528 confusa
1208 500 1270 529 265

786 539 887 579 φύειν.
903 541 1012 581 φῦσαι,
1023 540 1117 580 φῦναι
1131 544 1193 572 597

787 582 976 624 φυλάσσειν,
992 583 1214 624 φυλάσσεσθαι
1228 585 1286 614 101

785 629 850 667 φῶς
865 634 897 657 et
912 626 993 666 φάος
1007 627 1137 659 confusa
1151 629 1215 660 750

1089 756 1128 783 Χ.

785 835 921 875 χαιρέτω
935 841 967 866 et
979 835 1091 876 ἐῤῥέτω
1105 836 1237 866 confusa
1253 838 1337 866 1040

783 878 980 920 χαλκοκρὰς,
993 878 1215 919 χαλκόκρατος
1231 881 1316 910 1363

785 920 884 962 χάρις.
898 921 991 962 χάριν
1006 923 1128 961 εἵσομαι
1141 924 1206 953 476

784 965 866 1005 χείρ.
881 965 978 1005 χέρας
995 971 1028 995 et
1042 964 1136 1004 δέμας
1151 964 1284 996 confusa
1297 965 1381 995 1203

782 1007 884 1048 χόλος
898 1016 930 1039 et
945 1008 1007 1046 ἄση
1021 1009 1151 1039 confusa
1166 1011 1227 1040 247

783 1050 889 1094 χρῄζω
905 1062 977 1083 cum
993 1052 1144 1094 genitivo,
1159 1055 1312 1092 sequente
1325 1049 1431 1081 infini-

828 1096 892 1125 tivo
910 1098 1004 1126 1396.
1022 1093 1146 1137 χρῄζω,
1161 1092 1266 1135 χρήζω
1282 1096 1345 1126 229

783 1137 893 1177 χρήσω
909 1144 941 1169 et
954 1138 1054 1179 χρίσω
1069 1138 1201 1169 confusa
1215 1141 1278 1169 785

783 1181 907 1221 χρόνος.
933 1181 1048 1222 χρόνῳ,
1076 1182 1123 1222 τῷ
1147 1180 1252 1222 χρόνῳ
1272 1183 1348 1212 908.
1374 1178 1433 1211 σὺν

827 1224 930 1265 χρόνῳ
944 1228 1009 1257 908

783 1267 1042 1308 χρυσεόπλεκτος
1054 1271 1119 1300 980

783 1311 930 1352 χρύσεος.
945 1312 1067 1353 χρυσέα
1079 1312 1180 1343 forma
1197 1311 1316 1352 tragica
1332 1311 1395 1342 139

781 1354 1030 1394 χρυσεότευκτος
1042 1358 1105 1388 980

782 1397 873 1438 χρώζ
872 1411 916 1430 ειν
931 1402 994 1431 497

782 1443 933 1482 χυτρεοῦς
948 1445 1010 1474 675

782 1486 917 1526 χυτροῦς
934 1487 1063 1517 verbum
1075 1495 1137 1517 non
1153 1485 1300 1518 Graecum
1316 1488 1378 1517 675

1086 1623 1125 1652 Ψ.

783 1705 806 1742 ψ
821 1708 854 1734 et
867 1716 886 1734 τ
902 1704 1031 1735 confusa
1047 1708 1121 1736 553.
1137 1707 1201 1736 722

783 1746 909 1822 ψεέδὸτὲς.
926 1748 961 1779 οὐ
977 1747 1089 1788 ψευδὴς
1104 1755 1137 1779 et
1152 1748 1285 1788 ἇψευδὴς
1299 1749 1427 1780 confusa

1086 1922 1124 1948 Ω.

782 1999 805 2030 ὦ
821 2006 852 2030 et
869 1999 903 2030 ἰὼ
915 2000 1045 2031 confusa
1060 2004 1142 2033 1271

782 2042 879 2075 ὠθεῖν.
894 2042 1063 2085 ὧθήσομαι,
1076 2043 1255 2084 ὢσθήσομαι
1270 2048 1333 2077 336

782 2086 846 2118 ὦκα
860 2096 900 2117 an
912 2087 1053 2126 Tragicis
1067 2095 1250 2129 usurpatum
1265 2091 1282 2119 7
1288 2091 1330 2119 36

781 2130 856 2170 ᾤμοι
871 2135 903 2161 et
919 2129 953 2161 αῖ
962 2129 996 2161 αῑ
1006 2131 1134 2162 confusa
1148 2135 1231 2163 1396

781 2173 934 2205 ὡσαύτως.
961 2174 1001 2205 ὡς
1025 2173 1050 2205 δ’
1075 2175 1186 2213 αὕτως,
1211 2176 1251 2207 ὡς
1275 2176 1301 2207 δ’
1327 2176 1425 2209 αὕτως

782 2261 885 2300 ὥσπερ
899 2268 932 2290 et
947 2259 1028 2292 ὥστε
1045 2260 1172 2291 confusa
1187 2264 1271 2293 1210

783 2304 865 2335 ὥστε
880 2303 1131 2334 subaudiendum
1146 2310 1218 2335 ante
1233 2305 1424 2337 infinitivum

828 2350 922 2378 1396.
937 2347 1017 2378 ὥστε
1034 2352 1065 2378 et
1079 2347 1181 2388 ὥσπερ
1196 2349 1280 2380 conf.
1298 2352 1381 2381 1210
