1565 2834
508 67 675 98 INDEX
714 64 959 97 GRAECUS.

106 180 139 207 et
164 177 280 217 πατρὸς
302 176 386 208 conf.
401 180 477 210 637.
499 178 574 218 πρὸς
593 183 626 209 et
651 177 710 219 πρὸ

105 220 191 250 oonf.
207 223 291 252 1499

61 264 242 303 προσαυδᾷν
258 268 291 293 et
306 263 435 304 ἐξαυδᾷν
451 264 584 295 confusa
601 267 683 296 1261.

63 304 212 346 πρόσοψις
225 312 256 336 et
267 306 434 347 πρόσωπον
446 308 576 338 confusa
593 310 674 339 1353

61 350 271 388 προσπιτνεῖν.
316 350 368 381 De
384 352 617 382 constructione
634 353 665 382 h.
681 363 712 382 v.

62 434 248 475 προστίθημι
263 440 296 466 et
310 435 475 476 προτίθημι
489 438 618 468 confusa
633 441 697 469 568

62 478 251 519 προσφέρειν
287 484 321 510 et
357 480 546 522 παραφέρειν
583 481 712 512 confusa

61 563 229 604 πρόσωπον
244 570 277 596 et
292 565 443 607 πρόσοψις
458 567 589 598 confusa
606 570 688 600 1353

61 608 226 648 προτίθημι
241 615 274 640 et
288 611 474 650 προστίθημι
487 612 617 642 confusa
632 614 696 642 568

61 651 250 693 προϋπάρχω
274 663 314 682 an
337 654 438 684 crasin
451 654 598 685 admittat
613 656 709 686 1238.

104 694 266 737 Euripidjs
281 700 375 726 aetate
388 707 429 727 an
443 698 598 728 exstiterit
615 700 710 728 1238.

105 738 201 779 Apud
217 739 342 770 Atticos
357 740 470 780 poie'tas
487 751 642 782 nusquam
656 751 709 771 ex-

105 786 171 811 stat
185 785 269 813 1238

61 825 242 864 πτεροῦσσα
260 828 340 857 1033

62 865 175 899 πτόλις
192 871 273 900 1065

61 909 183 949 πτύχες
197 916 230 942 et
244 911 341 943 πύλαι
357 912 440 942 conf.
458 914 499 944 82

62 955 176 992 πτῶμα
189 960 222 986 et
235 956 326 993 σῶμα
340 955 423 986 conf.
440 958 524 987 1496

62 996 178 1029 πυκνὸς
192 1003 224 1028 et
238 997 357 1039 πύργος
372 998 456 1029 conf.
472 1002 536 1030 722

62 1039 160 1071 πύλαι
175 1046 208 1071 et
221 1040 343 1081 πτύχες
356 1041 440 1072 conf.
452 1044 493 1072 82

62 1084 123 1124 πῦρ
135 1088 170 1114 et
184 1085 249 1125 φῶς
263 1085 392 1115 confusa
408 1086 470 1116 189

62 1126 193 1167 πύργος.
217 1127 373 1168 Singular.
395 1133 427 1158 et
451 1126 564 1168 plural.
588 1127 712 1158 confusi

107 1171 183 1202 838.
217 1169 337 1211 πύργος
370 1175 403 1201 et
430 1181 546 1202 πυκνος
582 1171 712 1202 confusa

63 1255 249 1296 πυροφόρος,
265 1256 420 1297 πυρφόρος
431 1259 495 1288 699

64 1300 139 1331 πῶς.
163 1299 215 1331 καὶ
236 1301 301 1331 πῶς
321 1300 501 1340 objicientis
520 1299 584 1330 fere
599 1304 647 1330 est
661 1299 712 1329 vel

107 1342 353 1375 contradicentis
369 1345 452 1375 1373

375 1471 409 1499 P.

63 1551 145 1591 ῥῦμα
158 1552 234 1582 997.
264 1549 322 1591 [V.
336 1550 469 1583 Porsoni
484 1550 664 1582 Miscellan.
680 1560 711 1592 p.

113 1595 184 1626 128.
211 1593 254 1624 G.
270 1594 318 1625 H.
333 1594 386 1636 S.]

368 1721 405 1751 Σ.

64 1813 87 1835 σ
101 1806 134 1833 et
148 1814 164 1833 ο
180 1801 311 1833 confusa
325 1805 400 1836 213.
414 1813 436 1835 σ
447 1804 529 1835 male
542 1802 710 1844 repetitum

65 1887 185 1924 σέβειν.
201 1886 236 1920 εὖ
250 1887 358 1924 σέβειν
374 1891 456 1920 1341

65 1932 238 1972 σκῆπτρον,
255 1932 401 1971 σκῆπτρα
414 1934 495 1963 600.
506 1933 588 1963 1268

66 1973 231 2015 σκιάζεται
243 1973 337 2014 ’γένυς
352 1977 393 2007 61

65 2017 134 2054 σὸς,
154 2018 209 2056 σὴ,
233 2017 301 2049 σόν.
323 2017 366 2050 τὰ
387 2016 430 2049 σὰ
444 2022 478 2048 et
491 2016 566 2048 τάδε
581 2017 712 2049 confusa

112 2064 210 2093 1291.
234 2060 289 2093 σὸς
317 2067 351 2092 et
378 2059 430 2092 σοὶ
457 2061 588 2092 confusa
615 2063 710 2094 1609.

110 2105 171 2142 σῆς
182 2111 217 2134 et
225 2106 282 2141 τῆς
297 2104 429 2135 confusa
442 2106 527 2135 1358

66 2147 236 2186 Σοφοκλῆς
251 2152 284 2176 et
298 2145 460 2188 Εὐριπίδης
475 2146 605 2180 confusa
617 2148 659 2178 28

66 2189 203 2221 σπέσθαι
217 2192 280 2222 437

66 2231 242 2264 σπόνδυλος
257 2235 341 2264 1428

68 2274 275 2307 σταλάσσειν.
302 2275 476 2307 ἐστάλασσ’
505 2279 539 2306 et
565 2274 712 2316 ἐστιίλαξΙ

110 2318 243 2349 confusa
259 2321 341 2350 1403

69 2360 223 2401 στείχειν.
238 2360 259 2399 ἡ
274 2361 448 2401 στείχουσα
460 2360 548 2392 ἀκτὶς
563 2363 646 2393 1651

67 2399 242 2442 στενάζειν,
258 2403 427 2443 στενάχειν
444 2406 527 2435 1568

68 2445 191 2478 στένειν
205 2452 239 2478 et
253 2445 421 2486 στενάχειν
434 2446 518 2477 conf.
536 2448 620 2477 1568

68 2489 191 2529 στερεὶς
207 2491 291 2521 1278

68 2531 235 2567 avr-omem,
251 2531 387 2571 στολίζω
403 2533 486 2562 1767

69 2573 218 2615 στρέφειν
232 2580 266 2605 et
279 2576 402 2614 τρέπειν
417 2574 501 2605 conf.
514 2575 578 2604 902

73 2616 124 2649 σύ.
157 2618 210 2651 An
233 2617 401 2660 Euripides
427 2617 566 2648 ultimam
589 2616 620 2646 in
648 2616 716 2655 ὗμιν

1315 55 1398 97 107

797 176 947 217 corripiat
962 178 1037 207 778.
1064 176 1114 207 σοὶ
1140 180 1172 206 et
1194 176 1249 208 σὸς
1273 177 1405 210 confusa

754 262 961 302 σύγγαμβρος
976 265 1040 294 438

758 305 923 345 σύγγαμος
937 309 1001 338 438

757 348 925 380 συνάπτειν
938 352 1012 381 714.
1029 351 1113 381 1396

757 393 947 432 συνασοφεῖν
959 395 1023 424 405

756 435 962 476 συνέρχεσθαι
977 446 1047 466 cum
1059 435 1239 466 accusativo
1253 438 1315 468 83‘1

756 478 889 510 σύνεσις.
915 478 966 509 De
983 480 1083 509 forma
1097 479 1235 510 vocativi
1250 480 1281 510 11.
1297 490 1325 510 v-
1342 483 1403 513 187

757 521 943 558 συνήδεσθαι
961 520 1021 553 136

755 564 899 602 συνήκειν
913 576 953 596 an
965 566 992 596 T
994 564 1106 605 ragicis
1122 570 1304 606 usurpatum
1318 569 1381 598 473

754 607 874 648 σφαγή.
884 609 1039 649 Singular.
1047 614 1079 638 et
1089 609 1199 649 plural.
1208 609 1331 640 confusi
1339 612 1401 641 871

754 651 931 691 σφόνδυλος
948 655 1031 684 1428

754 694 860 733 σχέθω
875 697 940 725 419

754 736 906 776 σώζεσθαι
921 739 984 768 737

754 783 844 820 σῶμα
866 785 899 811 et
916 782 1029 819 πτῶμα
1044 779 1128 813 conf.
1147 782 1242 812 1496.
1266 782 1355 821 σῶμα
1369 787 1402 812 et

797 823 872 863 αἷμα
886 824 969 854 conf.
985 826 1068 855 1517

1058 953 1094 979 Τ.

753 1028 863 1071 τάφος,
874 1032 927 1061 ubi
937 1036 1104 1073 exspectes
1114 1033 1301 1069 contrarium
1320 1037 1403 1066 1668

753 1085 802 1105 τε.
835 1073 1040 1106 constructio
1070 1082 1190 1106 mutata
1220 1081 1292 1117 post
1319 1077 1403 1109 hanc

774 1130 782 1134 ·
799 1117 985 1157 particulam
1002 1121 1077 1150 550.
1100 1132 1136 1150 τε
1160 1129 1179 1149 a
1200 1119 1334 1151 librariis
1347 1121 1403 1151 ad-

799 1159 901 1191 ditum
925 1163 977 1192 47.
1006 1164 1079 1193 146.
1101 1164 1176 1193 313.
1204 1165 1279 1194 347.
1307 1166 1403 1196 1372.

800 1205 896 1234 1743.
916 1215 954 1234 τε
976 1214 995 1234 a
1013 1204 1145 1235 librariis
1159 1206 1313 1236 omissum
1326 1209 1403 1238 469.

798 1248 873 1276 830.
892 1249 987 1277 1111.
1008 1259 1045 1278 τε
1070 1253 1104 1278 et
1127 1259 1166 1286 ’γε
1180 1248 1312 1279 confusa
1325 1252 1401 1281 654.

800 1290 893 1319 1366.
912 1292 1006 1320 1641.
1025 1293 1121 1322 1663.
1142 1303 1180 1322 τε
1195 1296 1228 1322 et
1242 1290 1275 1322 δὲ
1290 1291 1401 1323 confu-

798 1341 834 1360 sa
848 1334 901 1362 46.
918 1335 994 1363 206.
1009 1335 1085 1364 767.
1099 1336 1175 1365 777.
1192 1336 1288 1366 1012.
1306 1337 1400 1366 1114.

800 1375 896 1405 1166.
924 1377 1020 1406 1210.
1048 1379 1144 1407 1250.
1173 1380 1269 1408 1270.
1283 1415 1285 1417 ¹
1307 1381 1403 1410 1409.

801 1419 896 1448 1703.
911 1420 1007 1449 1757.
1021 1430 1058 1450 τε
1073 1424 1107 1449 et
1121 1431 1152 1450 τι
1167 1420 1297 1452 confusa
1311 1423 1375 1453 394

754 1458 986 1500 τεκμαίρεσθαι,
1000 1460 1023 1493 i.
1039 1472 1072 1502 q.
1087 1463 1217 1494 σκοπεῖν
1234 1466 1295 1495 185

753 1501 877 1534 τέκνον.
916 1503 968 1533 De
993 1505 1170 1544 quantitate
1197 1506 1231 1536 h.
1249 1516 1280 1536 ν.
1306 1509 1403 1540 1367.

796 1544 909 1576 τέκνον
919 1552 951 1576 et
966 1547 1058 1586 δόμος
1073 1549 1203 1579 confusa
1220 1551 1316 1580 1598.
1329 1548 1402 1581 τέκ-

797 1600 851 1619 νον
867 1595 899 1619 et
913 1591 986 1621 παῖς
1001 1591 1132 1621 confusa
1147 1595 1201 1624 22.
1219 1594 1313 1624 1443.
1329 1592 1401 1623 τέκ·

798 1642 852 1662 νον
869 1638 902 1662 et
923 1632 1014 1664 τέκος
1029 1634 1160 1664 confusa
1174 1637 1249 1666 254.
1266 1637 1351 1666 1302

753 1675 895 1710 τεκνοῦν,
922 1677 1107 1708 τεκνοῦσθαι
1128 1680 1202 1709 882.
1225 1678 1356 1709 τεκνοῦν
1369 1682 1403 1709 et

798 1717 944 1757 φυτεύειν
959 1720 1042 1749 conf.
1058 1723 1098 1751 19

753 1758 844 1792 τέκος
856 1768 888 1791 et
902 1763 974 1793 παῖς
984 1761 1098 1802 juncta
1109 1765 1162 1794 22.
1176 1761 1269 1796 τέκος
1282 1767 1315 1794 et
1327 1763 1400 1796 τέκ-

797 1815 851 1835 νον
865 1804 948 1835 conf.
965 1808 1040 1836 254.
1058 1808 1141 1838 1302

753 1845 881 1878 τέλλειν
896 1857 952 1887 pro
969 1847 1156 1880 ἀνατέλλειν
1172 1852 1253 1881 1651

752 1890 914 1929 Τελμησὸς
930 1894 1013 1922 1116

752 1932 850 1972 τέρμα
864 1938 897 1963 et
911 1933 1032 1974 τέρμων
1047 1935 1131 1966 conf.
1148 1937 1230 1966 1371

752 1975 905 2016 τετράπος
918 1980 1014 2008 Ὑποθ.

753 2018 913 2058 Τευμησὺς
929 2023 1013 2052 1116

753 2073 795 2097 τι,
821 2074 856 2102 π,
884 2074 914 2093 ιτ
940 2069 1094 2103 perpetuo
1115 2063 1247 2094 confusa
1261 2069 1315 2094 aue
1330 2074 1349 2095 a
1364 2074 1398 2095 se

796 2104 934 2135 invicem
946 2106 1069 2146 perdita
1083 2109 1178 2137 1272.
1194 2110 1279 2138 1638

754 2145 860 2185 τίθημι
876 2158 944 2178 curn
960 2148 1119 2179 infinitivo
1135 2152 1186 2180 16.
1199 2161 1230 2180 τ.
1246 2148 1343 2189 ὄνομα
1358 2153 1398 2182 16

754 2189 883 2221 τίκτειν.
897 2191 998 2222 τεκὼν
1012 2198 1044 2222 et
1059 2191 1161 2231 φύσας
1177 2193 1308 2223 confusa
1323 2195 1364 2224 34

754 2232 813 2264 τίς.
828 2233 876 2265 τίς
892 2232 925 2264 δὲ
940 2237 1015 2266 603.
1052 2235 1106 2264 An
1129 2235 1253 2265 hiatum
1274 2235 1400 2276 Tragici

797 2282 872 2317 post
893 2275 925 2306 τί
949 2276 1115 2308 admittant
1141 2280 1216 2309 892.
1239 2277 1271 2309 τί
1293 2283 1327 2309 et
1352 2278 1399 2309 ὅτι

799 2318 930 2350 confusa
945 2321 1027 2350 1318

755 2373 814 2393 τις.
830 2373 861 2392 τι
877 2366 910 2391 et
922 2373 959 2392 τε
974 2361 1106 2392 confusa
1121 2365 1184 2394 394

755 2402 843 2435 τλάω
857 2414 920 2434 non
935 2408 1035 2434 exstat
1050 2407 1134 2436 1740

755 2447 853 2485 τλῆμι
867 2456 930 2477 non
944 2451 1046 2477 exstat
1060 2449 1143 2478 1740

755 2489 883 2527 τλήμων
898 2491 972 2521 384.
987 2491 1050 2520 389

756 2533 907 2563 τοιοῦτος.
930 2531 1064 2567 τοιοῦτο,
1078 2532 1219 2562 τοιοῦτον
1233 2534 1327 2562 1332.
1337 2544 1385 2563 τοι
1397 2550 1399 2552 -

801 2575 891 2605 οὗτος
906 2579 939 2604 et
952 2575 1102 2606 τοσοῦτος
1117 2574 1249 2606 confusa
1262 2576 1344 2606 1332

758 2617 891 2649 τοσόσδε
909 2619 991 2648 1526
