1566 2789
96 72 181 114 104

133 200 166 225 et
182 199 256 225 tunc
271 202 501 233 nonnunquam
516 191 599 223 inter
608 192 739 232 primam

132 248 246 269 vocem
260 243 293 269 et
307 236 358 268 καὶ
371 236 585 276 interponitur
599 234 633 267 δὲ
645 237 740 267 1373.

133 281 185 313 καὶ
213 283 277 313 πῶς
306 280 485 322 objicientis
514 279 581 309 fere
610 283 660 309 est
688 278 739 309 ve!

133 323 384 356 contradicentis
402 326 496 355 1373.
512 321 563 353 καὶ
577 332 738 362 nunquam

133 368 234 398 crasin
258 367 336 398 facit
358 377 431 397 cum
454 364 498 400 εὖ,
526 365 588 395 nisi
603 365 637 395 in
653 375 739 395 com-

133 411 247 450 positis
272 413 366 441 1422.
390 408 441 439 καὶ
456 418 619 449 nunquam
635 408 740 438 crasin

132 454 209 484 facit
230 464 302 483 cum
320 451 366 484 ἀεὶ
384 455 477 483 1422.
522 451 641 482 Nullus
656 451 741 491 apud

131 496 282 537 Tragicos
312 495 455 526 senarius
487 494 655 534 reperitur,
685 494 739 534 qui

133 539 313 580 spondeum
334 539 368 569 in
384 538 495 579 quinto
511 538 581 567 loco
597 537 642 567 ita
657 536 738 567 divi.

134 583 199 619 dat,
224 587 259 613 ut
283 583 334 613 καὶ
351 582 391 612 sit
406 592 478 621 pars
493 580 631 611 secunda
643 582 739 612 1464.

134 626 269 665 καὶ-γε
297 629 372 657 428.
402 627 477 656 619.
504 622 635 654 καὶ-δὲ
664 626 739 655 428.

134 669 185 700 καὶ
201 675 233 699 et
256 668 317 708 γὰρ
333 667 463 698 confusa
477 670 553 698 277.
569 670 665 698 1495.
688 666 739 697 καὶ

133 718 166 742 ot
182 712 360 744 δὲὊοιιΐυςα
378 713 471 743 1373.
487 708 536 741 καὶ
553 715 587 739 et
601 708 649 740 κεῖ
664 720 738 739 con-

132 756 203 786 fusa
216 759 290 787 533.
314 753 365 785 καὶ
388 759 421 784 et
441 753 503 784 κεῖς
518 752 650 783 confusa
665 755 740 784 583.

133 798 183 830 καὶ
213 804 245 829 et
273 810 332 829 κατ
343 815 384 821 ·—
400 796 499 838 (κατα
511 795 577 837 -—)
608 796 740 828 confusa

90 884 216 925 καίριος.
242 885 293 915 De
309 883 462 914 feminino
478 883 510 912 h.
521 893 550 914 v.
567 884 650 913 1445

90 928 193 960 κακός.
218 929 321 958 Lusus
336 927 368 957 in
384 928 416 958 h.
435 937 462 956 ν.
480 929 563 957 1245

91 973 209 1004 καλεῖν.
233 972 405 1008 κεκλῆσθαι
419 976 452 1000 et
465 967 614 1008 γενέσθαι
629 968 738 999 confu-

131 1025 166 1045 sa
181 1018 244 1046 576

89 1057 226 1090 κάλλιον
241 1063 273 1089 et
289 1056 467 1089 κάλλιστον
482 1056 613 1086 confusa
628 1057 691 1087 545

88 1101 250 1134 κάλλιστα
265 1106 296 1131 et
310 1100 453 1139 μάλιστα
467 1098 597 1129 confusa
612 1101 676 1130 878

89 1143 244 1183 κάμπτειν
259 1150 291 1174 ct
305 1143 433 1175 θάπτειν
448 1142 579 1174 confusa
594 1144 658 1172 986

89 1189 189 1219 κᾶπος
204 1191 265 1219 865

87 1230 166 1272 κάρα
182 1236 215 1262 et
231 1232 330 1271 κρᾶτα
346 1229 476 1261 confusa
492 1230 575 1261 1370

88 1287 192 1306 κατ-
209 1274 368 1316 (κατα-)
392 1278 424 1303 et
440 1271 490 1303 καὶ
507 1271 637 1302 confusa
654 1272 738 1301 1759

89 1317 170 1349 κατὰ
187 1328 259 1347 cum
275 1316 415 1358 genitivo
434 1318 516 1346 1504

89 1360 261 1400 κατάρχειν
276 1366 307 1390 et
324 1358 474 1399 ὑπάρχειν
490 1358 623 1389 confusa
640 1358 723 1388 1598

89 1403 305 1444 κατάρχεσθαι
321 1407 383 1435 582

89 1447 279 1486 καταφεύγω
294 1445 420 1485 φεύγων
436 1447 517 1475 1231

88 1490 295 1530 καταχθόνιος
319 1495 352 1520 et
376 1488 457 1520 κατὰ
477 1486 592 1527 χθονὸς
606 1485 738 1517 confusa

90 1575 319 1616 κατεργάζομαι
336 1578 419 1607 1078

89 1620 261 1660 κέγχρωμα
281 1622 358 1650 1101

89 1663 253 1702 κέρχνωμα
269 1665 350 1693 1401

90 1707 184 1747 κήρυξ
200 1704 452 1736 subaudiendum
469 1706 552 1735 1615

88 1751 267 1791 κηρύσσειν.
291 1747 452 1788 κηρύξεται
467 1757 524 1788 pro
541 1743 735 1785 κηρυχθήσε-

131 1806 183 1825 ται
201 1796 281 1824 1645

88 1839 213 1868 κλεῖσαι
229 1841 259 1866 et
275 1835 391 1876 κλῇσαι
406 1833 539 1864 confusa
554 1834 617 1864 879

90 1881 198 1912 κλύειν
213 1889 284 1910 cum
300 1877 454 1919 genitivo,
478 1875 646 1906 subaudito
667 1873 737 1914 περὶ

134 1926 218 1955 1362

91 1966 225 2005 κοίνωμα
241 1967 282 1996 16

91 2008 232 2041 κοινωνία
250 2010 288 2039 16

88 2053 178 2091 κόμαι
195 2057 228 2083 et
243 2049 336 2088 λόγοι
349 2048 479 2079 confusa
494 2050 556 2079 322

89 2095 220 2136 κομπὸς,
236 2093 354 2132 κόμπος
370 2094 433 2122 609

90 2139 190 2181 κόρος.
224 2136 383 2177 Singular.
411 2140 444 2164 et
469 2132 581 2174 plural.
611 2130 737 2162 confusi

90 2183 230 2264 κοέ-ιῖἓίῒ,
248 2222 428 2260 κοσμεῖσθαι
446 2222 528 2250 1378

90 2267 212 2309 κραθεὶς
225 2272 256 2296 et
271 2262 410 2305 κρανθεὶς
425 2262 554 2293 confusa
573 2264 654 2292 1511

90 2309 229 2352 κρανθεὶς
244 2314 276 2339 et
291 2305 410 2347 κραθεὶς
425 2306 557 2336 confusa
572 2306 654 2335 1511

90 2356 190 2395 κρᾶτα
205 2357 238 2383 et
253 2349 331 2391 κάρα
346 2349 476 2380 confusa
494 2349 576 2378 1370

91 2398 227 2438 κρατεῖν.
250 2394 303 2424 De
320 2391 551 2423 constructione
568 2391 599 2420 h.
616 2400 645 2420 v,
662 2391 736 2421 600.

91 2441 241 2524 Κιὲνῖἶῗαι
255 2478 351 2510 πύλαι
369 2480 451 2509 1150

93 2525 250 2567 κρύπτειν.
273 2523 326 2553 De
341 2531 406 2551 αυτ.
426 2523 454 2551 1.
470 2523 502 2549 et
517 2521 549 2549 2.
565 2527 646 2560 pass.
662 2518 736 2550 ha.

91 2571 243 2648 κυὲῗῑῗτὴς
260 2611 344 2640 1422

91 2655 206 2686 κύκλος
221 2658 253 2684 et
267 2650 358 2682 πόλις
373 2648 503 2683 confusa
519 2650 581 2678 760

535 81 703 114 INDEX
743 79 984 113 GRAECUS.

1097 196 1133 222 A.

784 273 907 313 λαιμός.
932 275 1088 317 Singular.
1112 280 1145 306 et
1167 275 1283 316 plural.
1312 275 1434 306 confusi

785 360 969 400 λαμβάνειν.
986 361 1105 397 λαβὼν,
1120 360 1142 391 i.
1155 371 1185 400 q.
1203 361 1266 400 ἅμα
1276 365 1352 393 782.
1374 367 1431 392 λα-

828 406 894 440 βὼν
908 414 940 435 et
955 406 1034 436 ἑλὼν
1049 403 1180 434 confusa
1197 408 1280 436 1438

784 447 896 487 λέγειν
910 447 978 479 τινὰ
992 457 1049 488 pro
1063 446 1172 486 λέγειν
1186 447 1247 479 τινὶ
1264 450 1357 480 1236.
1374 445 1431 478 ἆλ-

828 490 943 528 λὴλαις
957 491 1107 530 λέγουσιν
1122 496 1182 527 est,
1208 497 1216 509 ‘
1229 490 1340 522 dicunt
1351 491 1432 520 inter

828 544 862 565 se
878 535 897 572 3'
914 534 1060 572 ἀλλήλας
1074 533 1216 573 λέγουσι,
1241 540 1249 552 ‘
1261 533 1372 565 dicunt
1385 534 1430 563 al-

827 582 893 608 tera
921 578 960 609 de
994 579 1091 608 altera
1103 577 1110 589 '
1141 581 1217 609 208.
1260 576 1431 614 Ἰοκάστην

828 620 914 660 λέγω
932 625 1026 653 1001.
1050 619 1135 660 λέγω
1149 626 1183 651 et
1205 620 1285 652 αὐδῶ
1300 621 1433 651 confusa

828 666 903 696 790.
929 664 1017 704 λέγω
1042 670 1075 695 et
1098 663 1184 696 εἶπον
1207 665 1336 695 confusa
1358 666 1434 695 790.

827 707 936 747 λέγειν
951 713 984 739 et
999 707 1146 739 δεικνύειν
1161 707 1290 738 confusa
1303 709 1365 739 540

784 749 915 791 λέκτρον
928 754 1003 784 960.
1018 751 1151 792 λέκτρον
1166 757 1199 782 et
1212 750 1312 791 λέχος
1321 750 1431 792 juncta

784 837 945 874 λεύσσειν,
961 836 1087 869 λεύσειν
1101 841 1184 869 1772

784 880 882 921 λέχος
907 884 982 912 960.
1006 881 1106 920 λέχος
1121 887 1152 911 et
1167 879 1301 923 λέκτρον
1320 879 1432 922 juncta

827 927 902 955 960.
919 924 1017 964 λέχος
1033 924 1120 964 ἔχειν
1135 928 1198 956 960

783 967 952 1003 λιθόβολος
968 970 1051 999 1078

783 1012 962 1050 λογοποιεῖν
977 1014 1073 1043 Troo.

783 1054 882 1093 λόγος
903 1060 936 1084 et
961 1053 1053 1095 ἔργον
1076 1053 1221 1095 opposita
1235 1055 1310 1084 512.
1333 1050 1433 1091 λόγος

827 1103 860 1128 et
874 1097 949 1137 γόος
964 1098 1095 1128 confusa
1110 1100 1206 1129 1329.
1222 1099 1316 1127 1355.
1329 1094 1429 1134 λόγος

828 1146 861 1172 et
875 1139 973 1181 ψόγος
989 1141 1120 1172 confusa
1134 1143 1208 1172 206.
1223 1138 1315 1179 λόγοι
1328 1143 1363 1169 et
1376 1137 1431 1169 κό-

824 1197 879 1223 μαι
896 1184 1026 1216 consusa
1041 1188 1114 1216 322.
1138 1184 1293 1224 Singulas.
1310 1186 1342 1212 et
1359 1181 1428 1223 plu-

826 1228 883 1258 ral.
900 1227 1021 1258 confusi
1037 1231 1120 1259 1355

783 1270 876 1310 λοξὸν
893 1269 1026 1306 βλέπειν
1043 1273 1124 1301 1413

783 1314 900 1355 λυγρὸς
913 1320 945 1344 et
962 1313 1053 1354 ὑγρὸς
1068 1312 1200 1344 confusa
1215 1313 1299 1343 1453

783 1356 858 1395 λύω,
876 1362 883 1374 ‘
894 1358 1017 1388 solvere
1032 1354 1162 1387 studeo'
1179 1356 1221 1386 79

1089 1486 1132 1513 Μ.

781 1565 973 1607 μακρόπνους
1009 1570 1042 1596 et
1081 1563 1257 1606 μακρόπους
1297 1563 1429 1595 confusa

827 1612 907 1640 1551

780 1652 921 1691 μάλιστα
935 1656 968 1682 et
983 1650 1143 1682 κάλλιστα
1158 1651 1242 1681 conf.
1256 1652 1320 1682 878

780 1694 956 1734 μανθάνειν.
978 1696 1090 1734 μαθεῖν
1105 1699 1137 1724 et
1153 1693 1228 1725 ἰδεῖν
1239 1693 1370 1724 confusa
1386 1695 1427 1725 36

780 1739 941 1778 μάντευμα
955 1744 986 1768 et
1002 1738 1158 1776 θέσπισμα
1173 1737 1304 1767 confusa
1319 1739 1382 1767 935

780 1781 900 1821 μάντις.
934 1782 1087 1822 Singular.
1111 1785 1144 1811 et
1166 1781 1280 1821 plural.
1305 1778 1428 1811 confusi

780 1867 959 1908 μαστεύειν,
974 1867 1119 1907 ματεύειν
1134 1869 1197 1898 427

780 1911 893 1953 μάτηρ.
918 1909 1059 1952 ματέρος,
1088 1909 1202 1950 ματρὸς
1228 1912 1302 1941 314,
1331 1911 1426 1940 1302.

827 1958 920 1986 1542.
932 1955 1031 1995 μᾶτερ
1040 1958 1073 1984 et
1086 1952 1184 1993 πάτερ
1197 1953 1327 1984 confusa
1343 1954 1428 1983 1523

779 2000 968 2038 μαχόμενος,
981 1996 1176 2038 μαχούμενος
1192 1999 1255 2027 726

780 2040 994 2082 μεγαλανορία
1010 2046 1043 2072 et
1056 2038 1275 2080 μεγαληγορία
1296 2038 1426 2069 confusa

779 2126 889 2167 μέγας.
913 2127 963 2158 De
980 2127 1157 2167 quantitate
1171 2126 1204 2156 h.
1221 2135 1250 2155 v,
1266 2127 1351 2156 1638

779 2170 913 2209 μεθιέναι
930 2173 1025 2202 1245.
1049 2170 1101 2200 De
1114 2168 1348 2200 constructione
1359 2177 1426 2198 me-

823 2214 867 2244 dii
886 2217 951 2245 529

778 2256 983 2296 μελαμβαθὴς
999 2259 1082 2287 1024

778 2300 990 2339 μελαμβαφὴς
1006 2302 1090 2330 1024

779 2342 878 2381 μέλας
893 2348 925 2373 et
939 2341 1051 2381 μέλεος
1065 2341 1195 2372 confusa
1209 2343 1272 2372 964

778 2385 878 2424 μέλει.
893 2385 992 2425 μέλον
1008 2387 1090 2416 1100

778 2428 891 2467 μέλεος
904 2434 936 2460 et
949 2428 1049 2467 μέλας
1063 2426 1194 2457 confusa
1208 2427 1271 2456 964

778 2472 874 2509 μέλος
890 2476 921 2501 et
936 2472 1031 2507 βέλος
1045 2470 1176 2501 confusa
1193 2471 1273 2501 1051
1319 2504 1321 2506 ,

779 2514 955 2553 μέμφεσθαι
970 2519 1003 2544 et
1017 2512 1181 2554 ψεύδεσθαι
1195 2511 1324 2543 confusa
1335 2512 1400 2542 ⁷84

778 2557 836 2596 μὲν
861 2563 893 2587 et
913 2557 975 2598 γὰρ
999 2557 1129 2587 confusa
1149 2558 1224 2587 975.
1249 2552 1307 2593 μὲν
1322 2557 1356 2583 et
1369 2564 1422 2591 μιν

822 2599 951 2631 confusa
976 2603 1051 2632 652.
1076 2598 1133 2638 μὲν
1155 2602 1188 2629 et
1214 2608 1266 2637 μοι
1289 2596 1421 2628 confusa

822 2645 860 2672 53
869 2645 882 2672 l
1176 2652 1181 2661 ·
