1596 2824
305 141 520 170 ADDENDA
544 143 591 169 ΙΝ
616 142 743 170 NOTIS
765 143 824 170 AD
846 141 1077 170 HECUBAM.
1320 128 1377 169 77

47 231 114 269 47.
149 234 259 269 τέκνα
289 233 340 280 μὴ
375 232 527 270 θάνωσι.
585 232 709 270 Recte
747 231 864 269 etiam
901 231 1069 281 legimus
1099 227 1139 265 in
1177 226 1379 279 Aristoph.

48 284 219 322 Acharn.
260 286 351 322 805.
381 286 594 332 Ἐνεγκάτω
615 303 663 323 τις
684 284 836 323 ἔνδοθεν
856 292 927 322 τῶν
954 283 1123 335 ἰσχάδων
1154 281 1247 320 Τοῖς
1266 297 1383 332 χοιρι-

50 338 196 376 δίοισιν.
217 335 287 388 ἇρα
307 339 503 386 τρώξονται
523 351 533 380 ;
563 338 702 385 βαβαὶ,
740 336 837 376 Οἶον
869 337 1098 388 ῥοθιάᾶουσ’,
1119 333 1381 384 ὦπολυτίμηθ’

49 391 258 439 Ἡράκλεις.
288 391 452 428 Ποδαπὰ
472 394 517 428 τὰ
535 394 672 442 χοιρί’;
714 394 757 428 ὡς
776 391 1007 440 Τραγασαῖα
1026 390 1215 438 φαίνεται.
1267 390 1381 427 Ἀλλ’

51 446 134 496 οὐχὶ
165 446 289 482 πάσας
320 449 548 494 κατέτραγον
579 447 641 482 τὰς
674 443 845 495 ἰσχάδας.
875 443 938 480 ubi
968 455 1036 493 per
1066 449 1231 480 metrum
1251 443 1381 493 legere

51 511 189 548 posses
223 499 393 547 τρὼξεται
424 505 463 535 et
496 501 736 546 κατέτραγεν,
768 497 939 547 ῥοθιάὲει
970 496 1100 545 legere
1125 508 1203 533 non
1224 509 1380 546 posses.

52 551 218 602 Eupolis
248 551 352 602 apud
387 551 654 588 Herodianum
688 551 726 588 in
758 549 965 587 Villoisoni
996 547 1210 586 Anecdotis
1233 556 1260 587 t.
1282 551 1322 588 ii.
1341 563 1382 600 p.

54 606 119 643 88.
142 607 200 642 καὶ
228 608 382 652 λέγουσί
417 621 464 653 γε
495 605 556 642 Τὰ
587 605 758 655 μειράκια
791 607 1045 653 προ“ι’στάμενα
1075 607 1148 640 τοῖς
1183 601 1383 652 ἀνδράσιν.

54 658 98 695 In
120 658 226 696 Plut.
249 660 339 695 833.
360 660 548 696 ἀπέλιπον
564 658 624 695 vel
646 660 825 695 ἐπέλιπον
843 657 990 694 habent
1015 655 1175 705 quidam
1209 656 1384 701 codices,

54 711 155 748 male
175 711 281 761 quod
304 711 353 748 ad
373 724 573 749 numerum
596 712 759 754 attinet3
791 710 858 748 sed
881 716 1003 748 metro
1025 721 1104 746 non
1125 708 1254 747 minus
1289 723 1385 748 con-

38 765 267 802 -venienter.
317 765 368 800 At
385 765 423 801 in
447 765 598 803 Eccles.
618 766 709 803 839.
731 777 867 802 omnes
887 763 1077 801 editiones
1092 762 1385 801 Brunckianam

54 818 322 868 praecedentes
355 819 558 868 φρύγοντιιι
587 823 811 867 τραγήματα
843 830 912 868 pro
934 817 1010 854 fine
1031 815 1172 853 senarii
1191 818 1383 866 praebent.

56 871 189 908 Alexis
210 871 391 908 Athenaei
426 886 464 910 X.
495 885 532 922 p.
564 873 657 909 422.
678 871 723 909 Β.
772 872 857 909 Νῦν
894 869 935 908 δὲ
969 869 1030 908 διὰ
1063 870 1200 915 ταύτην
1235 872 1386 908 ἅπαντα

57 928 203 972 γίνεται
223 927 267 962 τὰ
289 923 461 975 δυσχερῆ.
520 925 641 963 Vides
662 924 851 974 optimum
875 923 1131 962 trochaicum.
1192 923 1270 960 Sed
1292 924 1387 962 citat

58 981 225 1025 γίνονται
258 977 486 1015 Eustathius
521 978 570 1015 ad
605 977 752 1028 Odyss.
791 978 831 1015 Σ.
867 991 905 1028 p.
947 979 1063 1015 1837.
1085 978 1133 1013 21
1160 993 1204 1010 =
1225 977 1315 1014 656.
1351 979 1387 1015 1.

59 1032 157 1068 Cum
179 1030 295 1081 igitur
314 1031 399 1068 haec
419 1032 472 1069 ita
487 1038 623 1069 contra
637 1031 874 1069 certissimas
890 1031 1001 1068 metri
1020 1030 1127 1080 leges
1145 1030 1388 1068 turbaverint

56 1084 217 1128 librarii,
240 1084 334 1134 quid
364 1098 429 1122 eos
461 1085 632 1122 facturos
667 1097 804 1121 censes
837 1085 873 1121 in
897 1083 1037 1121 solutae
1058 1084 1245 1121 orationis
1268 1083 1388 1135 scrip-

57 1137 232 1175 toribus?
265 1137 376 1174 Plato
398 1138 445 1176 de
466 1138 634 1189 Republ.
655 1138 705 1175 iv.
726 1151 764 1188 p.
781 1139 873 1175 429.
896 1138 947 1175 D.
978 1138 1079 1175 HSt.
1099 1138 1192 1175 449.
1223 1137 1269 1174 B.
1290 1137 1389 1174 Lae-

58 1204 153 1228 mar.
189 1190 283 1227 ὅπως
317 1193 377 1238 (τὰ
407 1193 502 1241 ἔρια)
537 1191 711 1236 δέξωνται
741 1192 964 1241 ὁτιμάλιστα
995 1190 1035 1227 τὸ
1069 1191 1191 1228 ἄνθος.
1223 1190 1388 1228 Rectius

59 1243 205 1289 δέξηται
227 1243 304 1280 Ms.
334 1243 509 1281 Platonis
531 1251 569 1281 et
596 1245 776 1282 Stobaeus
797 1257 836 1294 p.
857 1245 948 1281 252.
970 1245 1036 1281 25.
1058 1256 1080 1280 a
1100 1243 1388 1282 Valckenaerio

59 1297 108 1334 ad
130 1295 394 1333 Callimachea
413 1310 452 1347 p.
479 1299 566 1335 193.
588 1297 797 1343 indicatus,
820 1297 886 1335 sed
909 1297 1123 1334 rectissime
1144 1296 1286 1343 δέξεται
1305 1296 1389 1335 edi-

58 1350 184 1388 tiones
204 1349 434 1387 Trincavelli
462 1358 500 1386 et
523 1351 688 1388 Gesneri
708 1351 830 1400 prima
844 1363 884 1400 p.
907 1351 1000 1387 264.
1022 1351 1083 1387 18.
1103 1350 1195 1388 item
1213 1349 1391 1388 secunda

58 1416 96 1453 p.
119 1404 211 1440 252.
231 1404 296 1439 27.
319 1403 431 1440 A.D.
456 1405 571 1441 1549.
600 1410 639 1440 et
672 1404 786 1440 tertia
816 1405 933 1441 1559.
961 1403 1107 1449 δέξηται
1143 1403 1391 1442 Francofurt.

64 1458 178 1494 1581.
200 1468 238 1506 p.
255 1458 346 1492 433.
369 1458 434 1493 25.
493 1456 536 1492 In
558 1456 700 1494 talibus
723 1469 812 1494 vero
832 1456 943 1502 locis,
965 1456 1092 1507 qualis
1122 1463 1182 1494 est
1210 1457 1242 1494 is
1278 1456 1392 1494 Euri-

58 1509 176 1559 pidis,
199 1522 314 1558 quem
336 1522 415 1558 prae
454 1510 632 1546 manibus
663 1510 866 1555 habemus,
900 1510 1034 1559 paullo
1068 1509 1268 1548 meliorem
1298 1523 1392 1548 cen-

61 1575 127 1599 seo
149 1575 349 1599 numerum
367 1561 614 1611 singularem,
633 1562 664 1599 si
679 1565 857 1612 praebent
871 1563 1050 1606 codices3
1082 1563 1166 1600 sine
1186 1562 1389 1600 codicibus

59 1615 152 1652 nihil
172 1615 418 1652 mutandum.
476 1614 646 1659 [Leviter
666 1615 740 1653 hoc
761 1622 1034 1666 argumentum
1055 1616 1166 1666 attigi
1187 1615 1237 1652 ad
1259 1616 1391 1653 Orest.

59 1669 151 1706 596.
181 1669 291 1705 Alius
309 1668 417 1705 locus
432 1668 598 1705 occurrit
614 1669 651 1705 in
671 1669 945 1720 Aristophanis
963 1669 1131 1707 Acharn.
1150 1670 1242 1707 519.
1263 1669 1391 1707 notari

58 1721 217 1772 dignus.
272 1721 383 1758 Ἀλλ’
414 1720 594 1770 ἀνδράρια
630 1724 816 1773 μοχθηρὰ,
853 1724 1393 1772 παρακεκομμένα-Ἑσυκο-

60 1775 188 1824 φάντει
222 1775 434 1823 Μεγαρέων
464 1780 508 1813 τὰ
537 1779 755 1826 χλανίσκια·
788 1776 931 1813 Κεῖπου
955 1780 1077 1813 σίκυον
1099 1774 1200 1813 εἶδεν
1220 1776 1241 1820 ἦ
1261 1779 1390 1825 λαγώ-

60 1827 342 1873 διον,--Τιιῦτ’
362 1826 406 1871 ἦν
427 1829 640 1876 Μεγαρικά·
672 1829 737 1865 ubi
757 1835 859 1866 recte
880 1842 932 1866 ex>
949 1828 1072 1865 Suida
1092 1835 1130 1865 et
1152 1828 1252 1865 Mss.
1273 1829 1393 1867 ἰ’δοιεν

61 1882 262 1919 restituere
282 1880 350 1916 viri
372 1880 492 1918 docti.
549 1881 626 1918 Sed
648 1882 755 1918 nullo
777 1882 894 1919 modo
915 1881 1069 1919 tolerari
1091 1888 1220 1931 potest
1239 1882 1278 1919 in
1295 1882 1390 1920 Pac.

61 1935 151 1972 599.
183 1934 522 1983 προσγελάσονται,
558 1934 648 1972 licet
682 1934 736 1971 ita
771 1935 939 1973 ediderit
972 1935 1209 1982 Brunckius,
1231 1936 1392 1974 metrico

61 1987 292 2025 Scholiastae
313 1987 426 2024 nimis
443 1987 641 2026 credulus.
701 1988 803 2026 Nam
823 2001 959 2026 versus
981 1989 1229 2026 596—599.
1253 2002 1272 2026 e
1294 1990 1390 2027 Cre-

61 2040 145 2078 ticis
167 2047 206 2078 et
222 2041 416 2077 Paeonicis
436 2046 632 2086 constant,
648 2041 894 2092 italegendi:
915 2041 1033 2079 ’Ὠστε
1046 2042 1087 2079 σὲ
1099 2043 1145 2079 τά
1163 2045 1191 2079 τ’
1207 2044 1390 2092 ἀμπέλια,

61 2094 140 2131 Καὶ
158 2097 202 2131 τὰ
224 2098 290 2131 νέα
312 2093 470 2137 συκίδια,
494 2095 636 2132 Τι’ὶλλα
658 2097 687 2131 θ’
706 2096 808 2132 ὁπόσ’
829 2096 905 2133 ἐστὶ
935 2098 1044 2146 φυτὰ,
1074 2094 1391 2144 Προσγελάσεται

58 2147 213 2191 λαβόντ’
232 2149 392 2196 ἄσμενα.
424 2147 490 2185 Ex
512 2146 690 2198 corrig]

119 2201 234 2238 1161.
265 2200 382 2242 Quod
403 2200 495 2237 mihi
515 2201 670 2250 quidem
689 2200 878 2250 optimum
894 2200 1111 2248 videbatur,
1127 2201 1218 2239 olim
1234 2203 1391 2251 dabam,

61 2260 99 2290 et
118 2254 271 2298 iterum,
291 2253 449 2303 quando
469 2254 694 2291 etiamnunc
722 2254 911 2305 optimum
943 2255 1111 2301 videtur,
1149 2255 1253 2294 dedi.
1311 2257 1392 2295 Sed

63 2305 219 2344 difficile
253 2314 315 2343 est
347 2306 554 2344 lectionem
575 2307 630 2344 ita
660 2307 913 2354 constituere,
945 2314 990 2345 ut
1021 2309 1199 2346 omnibus
1217 2310 1389 2361 placeat.

63 2358 156 2397 Tres
177 2359 278 2396 enini
298 2358 413 2409 hujus
435 2372 569 2398 versus
588 2360 777 2398 lectiones
803 2374 824 2398 e
853 2361 954 2398 Mss.
984 2368 1023 2399 et
1052 2362 1209 2400 Stobaeo
1240 2363 1390 2412 elleias,

63 2424 212 2457 omnes,
246 2412 278 2450 si
307 2425 375 2464 per
410 2426 450 2450 se
479 2420 717 2464 spectentur,
750 2413 845 2452 satis
875 2414 1016 2452 bonas.
1070 2415 1257 2466 Vulgata,
1283 2418 1305 2462 ἢ
1326 2423 1396 2456 νῦν

63 2466 189 2513 λέγων
209 2466 311 2503 ἔστιν
331 2482 395 2511 τις,
426 2466 448 2510 ἢ
480 2470 613 2516 μέλλει
633 2470 776 2514 λέγειν,
798 2467 854 2505 Sic
875 2467 1032 2505 defendi
1053 2476 1197 2519 potest,
1218 2475 1262 2507 ut
1282 2470 1392 2510 dieas

63 2519 178 2557 πάλιν
198 2518 536 2569 interpolationem
557 2517 643 2558 es‘se
665 2520 825 2566 Stobaei‚
846 2534 934 2558 cum
961 2521 1043 2571 jam
1064 2521 1162 2572 pede
1196 2523 1394 2562 defectum

65 2572 256 2611 senarium
274 2572 547 2622 invenisset,v*1
582 2581 649 2613 νῦν
683 2577 790 2623 λέγει
826 2576 919 2620 τιςῆ
950 2578 1084 2625 μέλλει
1103 2578 1247 2624 λέγειν.
1306 2578 1395 2617 Hoc
