1566 2789
123 45 192 96 52

536 187 545 202 ’
586 184 605 206 'i

201 208 368 246 τουτων,
395 183 536 255 ’έχοιμ
575 211 628 238 αν
655 189 806 239 πάντα
832 212 935 260 ἰι-ξος
957 188 1072 241 σέθεν
1099 193 1266 250 καλῶς.

496 126 502 132 l
520 51 1042 130 ΕΥΡΙΠΙΔΟΥ

1365 206 1452 245 730

125 261 207 310 Αι.
235 262 325 329 pedu
354 260 400 311 οὐ
427 259 700 322 πέποιθας,
679 287 700 320 η
725 262 771 313 τί
796 287 862 315 σοι
891 287 940 314 το
969 263 1209 336 δυσχεξεςς

123 335 223 392 Mn.
252 332 452 385 πέποιθα
484 336 660 387 Πελίου
688 336 729 387 ὂ
761 338 914 408 ἐχθξος
944 362 1038 390 εστι
1065 363 1143 407 μοι

875 335 887 352 x
943 336 964 355 sl

1174 339 1260 409 3040
1264 363 1317 399 Ος,

201 407 345 499 Κξέων
373 424 435 460 τε
466 408 633 468 τούτοις
663 410 766 471 δ”,
745 412 926 482 οξκιόισι
952 436 1034 480 μεν
1064 414 1229 483 ζυγεις,

597 489 615 498 κ.
618 482 628 495 5
667 483 685 504 51
738 485 747 499 Ί

172 505 387 575 ΎΟιγΟυῦἮ)
415 507 462 534 Ol)
486 486 609 552 μξθξί
653 510 707 536 αν
736 508 784 536 ez
813 510 956 551 ’γαίας
984 509 1078 555 ἔμε

164 633 239 662 734.
259 632 406 670 μεθεῖσαν
422 631 495 661 Ald.
512 631 554 661 D.
567 632 603 662 E.
618 634 716 674 μεθῇς
729 633 766 664 ἃν

121 674 162 705 Α.
178 675 198 704 i.
216 686 244 704 e.
260 675 411 705 Brunckii
426 675 626 709 membrana»,
643 682 675 705 et
691 676 765 706 edd.

119 723 272 754 recenteS,
298 718 421 748 soloece.
443 719 545 756 μεθεΐς
566 718 605 748 ἂν
629 720 681 759 (ut
696 720 764 759 opi-

121 763 196 800 nor)
214 762 253 791 13.
270 760 483 801 suprascripto
497 760 626 798 ἐκδοίης.
661 761 763 792 Recte

123 803 225 834 edidit
241 804 421 834 Brunckius
436 804 529 842 μεθεῗ
545 804 595 845 ἂν,
613 805 694 844 quod
711 806 764 835 ha-

120 847 198 877 bent
214 846 251 877 C.
266 846 304 877 L.
323 847 359 876 P.
374 847 478 876 Scliol.
503 848 558 876 sed
585 848 665 877 male
690 858 764 878 con-

122 890 327 919 structionem
349 889 482 926 ordinat,
504 900 596 929 quain
612 897 696 920 recte
713 902 765 920 ex-

120 931 219 971 plicat
244 932 438 962 Scholiastes
453 944 459 961 ε
492 932 623 970 ἄγουσιν
650 933 704 972 ἐμὲ
731 935 766 964 ἐκ

120 974 212 1013 ’γαίας
230 976 291 1016 (sie
307 975 344 1005 L.
358 976 439 1005 male
463 975 541 1006 Ald.
563 975 682 1015 γαίης),
710 977 767 1007 οὐκ

122 1018 161 1048 ἂν
175 1020 286 1057 μεθεῖο,
304 1019 379 1057 ἐμοῦ
394 1018 570 1049 subaudito.
615 1020 698 1050 Hinc
711 1030 766 1050 au-

121 1066 186 1091 tem
201 1061 332 1102 probare
347 1067 478 1092 conatur
492 1062 685 1103 Brumkius,
699 1074 765 1093 me-

121 1104 207 1134 diam
222 1105 353 1135 sormam
376 1103 532 1142 μεθίεσθαι
556 1107 767 1136 accusativum

121 1151 244 1187 regei-e,
267 1155 376 1177 contra
402 1147 540 1178 Dawesii
565 1148 662 1178 Misc.
687 1148 767 1180 Crit.

120 1199 153 1229 p.
168 1193 244 1221 238.
268 1195 301 1219 et
316 1190 538 1220 Valckenaerii
552 1191 592 1220 ad
613 1191 767 1223 Phoeniss.

121 1235 196 1263 522.
212 1233 384 1263 decretum.
428 1233 467 1263 In
490 1232 650 1274 Aristopli.
666 1234 695 1265 V
698 1245 766 1275 esp.

121 1277 197 1306 414.
210 1276 387 1306 Brunckius
397 1277 462 1316 ipse
474 1280 593 1306 tantuin
607 1287 671 1307 non
683 1279 763 1308 velle

120 1316 247 1348 videtur
270 1318 354 1349 τοῦδ’
379 1320 440 1358 ἐγὼ
465 1319 501 1350 οὒ
523 1318 694 1359 μεθήσομαι
718 1321 764 1350 le-

122 1370 208 1399 gere.
253 1360 368 1391 Restat
381 1362 587 1392 formidabilis
598 1363 765 1402 Sophoclis

121 1402 210 1434 locus
226 1403 342 1434 Electr.
358 1407 453 1435 1277.
477 1405 540 1434 τῶν
559 1406 624 1434 σῶν
644 1406 763 1443 προσώ-

121 1458 189 1477 πων
202 1446 315 1485 ἡδονὰν
328 1446 485 1485 μεθέσθαι.
530 1446 628 1486 Lege,
645 1447 765 1478 Dorica

122 1489 234 1526 forma,
258 1489 383 1521 ἂδονᾶν.
429 1489 464 1529 [J
469 1499 534 1524 ure
548 1490 668 1530 opinor,
686 1489 764 1520 Poi-

122 1541 201 1562 sono
216 1533 384 1563 obsecutus
399 1543 478 1567 sum,
501 1542 571 1562 cum
594 1532 627 1562 in
644 1533 764 1572 Sopho

122 1575 180 1604 clis
204 1575 260 1605 illo
284 1576 352 1605 loco
377 1574 489 1606 ἁδονᾶν
513 1575 649 1605 ederem.
672 1577 765 1607 Conf.

123 1623 189 1647 not.
218 1618 257 1649 ad
285 1619 395 1648 Phozn.
423 1621 498 1649 3⁶26.
542 1618 605 1648 Sed
630 1618 691 1648 suit
718 1619 766 1649 vir

123 1660 338 1696 doctissimus,
354 1662 404 1701 qui
420 1659 576 1700 μεθίεσθαι
591 1662 766 1692 contende-

123 1708 172 1733 ret
197 1709 264 1734 tum
292 1704 419 1734 demum
447 1704 618 1744 genitivum
645 1715 764 1744 regere,

124 1746 177 1776 ubi
191 1752 312 1786 partem
328 1747 459 1786 alicujus
469 1747 515 1776 rei
531 1747 633 1776 omitti
648 1747 764 1786 signifi-

125 1799 243 1819 cemus.
287 1790 413 1820 Scilicet
427 1799 491 1819 non
507 1794 574 1818 erat
586 1790 765 1820 recordatus

123 1831 266 1862 Hecubae
277 1843 404 1862 versum
416 1834 489 1862 400.
502 1832 541 1863 ὡς
552 1833 642 1869 τῆσδ’
653 1832 767 1863 ἑκοῦσα

123 1875 231 1907 παιδὸς
253 1875 288 1906 οὗ
301 1874 483 1914 μεθήσομαι.
506 1884 609 1915 neq-ue
625 1875 766 1905 Phoenis-

124 1928 225 1948 sarum
242 1921 336 1949 1675.
352 1917 418 1949 ἐπεὶ
432 1918 516 1948 τοῦδ’
539 1918 575 1948 οὐ
593 1917 766 1957 μεθήσομαι

124 1962 244 2001 νεκροῦ.
289 1961 364 1991 Non
379 1961 493 1991 mirum
508 1966 612 1990 autem
629 1962 687 1991 lioc
702 1972 766 1991 ver-

123 2005 199 2034 bum
215 2004 354 2034 construi
365 2015 437 2034 cum
450 2004 587 2044 genitivo
601 2015 606 2032 ι
622 2009 669 2033 est
683 2003 764 2034 enim

123 2047 164 2077 de
180 2047 279 2078 classe
291 2057 409 2082 eorum,
422 2058 491 2087 quae
502 2047 675 2087 significan!
690 2057 765 2077 con-

122 2096 242 2121 tactum
256 2091 387 2132 ejusque
399 2091 587 2120 contrarium
602 2090 745 2120 habitum
757 2101 764 2126 3

125 2144 256 2172 quorum
286 2134 425 2163 omnium
455 2133 596 2173 legitima
621 2139 671 2162 est
694 2143 765 2163 cum

124 2176 180 2206 illo
196 2187 270 2206 casu
283 2176 486 2206 constructio.
530 2176 695 2205 Latissime
710 2186 765 2215 pa·-

124 2224 170 2249 tet
180 2219 248 2250 haec
259 2219 338 2249 ratio
348 2229 405 2259 per
414 2219 592 2248 universam
602 2218 764 2259 syntaxim·
758 2241 765 2255 ,

125 2272 218 2302 quani
234 2262 389 2293 rationem
404 2261 431 2291 si
447 2262 522 2292 satis
538 2263 695 2301 cognitam
710 2262 765 2291 ha

125 2305 211 2341 beas,
228 2305 276 2334 vix
292 2305 355 2336 dici
370 2309 487 2346 potest,
510 2310 586 2344 quot
601 2304 765 2334 difficulta-

125 2352 173 2377 tes
197 2348 385 2388 syntacticas
407 2347 553 2377 elab‘cuis.
579 2348 621 2378 G.
645 2347 692 2377 H.
714 2343 776 2386 S.]·

123 2390 201 2430 Ipsa
224 2391 351 2421 Electra
374 2391 487 2420 iterum
509 2395 638 2429 usurpat
661 2390 765 2429 plura·

124 2433 189 2463 lem
204 2436 298 2466 1302.
341 2433 404 2464 Sed
424 2443 464 2463 ne
487 2433 540 2462 alii
555 2432 649 2462 simili
665 2441 765 2462 errore

123 2477 296 2512 trahantur,
319 2486 422 2516 pauca
436 2475 581 2516 quaedam
597 2475 636 2505 de
651 2475 708 2504 hac
730 2475 763 2503 fi-

125 2528 203 2557 gum
226 2518 341 2549 addere
366 2519 454 2549 libet.
499 2518 604 2548 Graeci
633 2517 764 2552 scilicet,

127 2570 200 2590 cum
213 2560 306 2590 verba
316 2561 389 2597 duo,
402 2562 541 2592 diversos
554 2570 644 2590 casus
653 2565 765 2599 regen-

127 2602 182 2638 tia,
197 2603 237 2634 ad
252 2603 334 2634 idem
349 2614 465 2633 nomen
480 2613 568 2642 mque
582 2602 766 2637 referuntur,

809 643 849 664 ne
875 644 987 664 nomen
1012 634 1171 674 proprium
1199 638 1253 664 aut
1277 644 1451 674 pronomen

808 677 910 706 minus
928 677 1064 707 suaviter
1083 683 1255 717 repetatur,
1281 678 1311 706 in
1338 679 1453 709 utrovis

807 720 960 760 regimine
977 720 1072 750 semel
1089 726 1220 760 ponunt,
1244 720 1342 750 altero
1357 722 1453 751 omis-

809 772 853 791 so.
902 762 1129 802 [Apollodoms
1158 763 1240 793 Bibl.
1270 764 1313 792 iii.
1344 766 1395 795 14.
1418 767 1451 795 3.

800 803 917 844 Ἕρσης
946 805 978 836 δὲ
1007 805 1056 836 καὶ
1086 807 1197 845 Ἑρμοῦ
1228 804 1386 845 Κέφαλος,
1416 805 1452 837 οὗ

810 849 973 887 ἐρασθεῖσα
996 849 1076 880 Ἠὼς
1100 849 1232 889 ἥρπασε.
1257 849 1297 879 Υ.
1321 855 1386 879 not.
1411 850 1449 879 ad

810 890 951 933 Theogn.
965 895 1040 922 951.
1077 892 1165 921 Ideni
1182 892 1213 921 in
1231 891 1372 921 Latinam
1391 891 1450 922 lin-

810 944 901 973 guam
918 935 1032 970 valere,
1055 935 1162 964 monui
1177 934 1217 964 ad
1232 934 1331 964 Plinii
1348 933 1450 965 Pane-

810 987 876 1017 ἔῃ.
892 988 918 1007 c.
936 981 988 1008 86.
1003 989 1032 1016 p.
1045 981 1119 1009 712.
1147 980 1188 1008 (“.
1202 978 1249 1008 Η.
1261 977 1312 1018 S]
1358 977 1451 1008 Anti-

809 1021 929 1059 phanes
956 1020 1104 1050 Athenaei
1124 1021 1189 1050 viii.
1212 1031 1243 1060 p.
1267 1022 1342 1051 339.
1360 1020 1401 1050 A.
1415 1020 1453 1051 av

809 1062 848 1099 ἢν
860 1063 922 1104 ἴδῃ,
942 1063 1000 1094 τὰς
1020 1066 1128 1104 χεῖρας
1143 1064 1199 1094 οὐκ
1214 1063 1370 1103 ἀφέξεται·
1399 1063 1450 1093 ubi

810 1103 846 1136 οῧ
874 1116 935 1135 non
968 1106 1104 1136 deterius
1132 1112 1216 1136 esset
1243 1106 1282 1136 ad
1311 1116 1451 1141 sensum,

810 1159 987 1189 quanquam
1009 1149 1148 1179 deterius
1170 1154 1218 1179 est
1240 1150 1279 1179 ad
1295 1158 1452 1179 numeros.

809 1191 970 1232 Aristopli.
985 1192 1125 1223 Pollucis
1140 1192 1194 1221 vii.
1212 1195 1283 1223 108.
1319 1191 1410 1229 Πλὴν
1426 1193 1456 1222 εἴ

808 1245 856 1265 τις
882 1234 1006 1274 πρίαιτο
1037 1234 1180 1273 δεόμενος
1207 1233 1377 1269 βασκανίσυ
1403 1234 1453 1264 ἐπὶ

809 1276 936 1315 κάμινον
950 1277 1058 1317 ἀνδρὸς
1073 1277 1228 1316 χαλκέως.
1273 1275 1452 1307 Brunckius

809 1319 878 1349 lime
906 1321 1000 1350 verba
1026 1320 1071 1350 ita
1106 1320 1140 1349 in
1176 1330 1286 1349 versus
1322 1319 1455 1359 digessit

809 1361 932 1401 Fragm.
946 1361 1008 1392 inc.
1024 1362 1077 1392 lxi.
1101 1361 1190 1398 Πλὴν
1201 1362 1227 1392 εἷ
1240 1360 1361 1401 πρίαιτο
1371 1364 1452 1397 βασ-

809 1403 915 1434 κανίου
928 1416 976 1435 τις
991 1403 1134 1442 δεόμενος
1156 1404 1225 1434 Ἐπὶ
1249 1402 1376 1441 κάμινον
1399 1405 1450 1435 ἀν-

808 1446 877 1485 δρὸς
897 1446 1053 1486 χαλκέως.
1097 1447 1223 1477 Vellem
1237 1446 1329 1482 scire,
1346 1446 1450 1488 cujus-

808 1498 879 1518 naiu
894 1490 988 1520 metri
1004 1490 1045 1520 sit
1067 1500 1172 1520 versus
1194 1489 1370 1528 secundus3
1395 1488 1450 1520 κοί·

807 1543 896 1570 μινον
911 1533 993 1562 enim
1017 1533 1149 1563 mediam
1169 1532 1325 1573 producit.
1369 1532 1452 1572 Ergo

807 1584 911 1615 neque
933 1576 1057 1606 iambici
1080 1585 1182 1615 neque.
1206 1575 1355 1605 trochaici
1379 1585 1452 1616 pars

809 1623 869 1648 est.
913 1618 1016 1648 Verba
1032 1624 1104 1648 sunt
1118 1619 1249 1659 alicujus
1264 1618 1303 1647 ad
1318 1618 1451 1648 alterum

808 1660 1064 1701 interrogantem,
1088 1662 1137 1691 cui
1160 1661 1230 1690 usui
1252 1671 1303 1690 res
1317 1661 1383 1690 haec
1397 1661 1450 1691 vel

810 1704 876 1734 haec
905 1704 1055 1734 inservire
1087 1704 1202 1743 possit:
1243 1703 1326 1743 [Οὐκ
1363 1701 1448 1743 οῖδα]

808 1746 893 1783 πλὴν
917 1747 947 1777 εἴ
967 1758 1013 1777 τις
1034 1745 1155 1786 πρίαιτο
1171 1745 1313 1785 δεόμενος
1327 1743 1450 1777 Βασκά-

809 1800 873 1819 νιον
907 1789 956 1820 ἐπὶ
993 1788 1120 1828 κάμινον
1153 1789 1261 1829 ἀνδρὸς
1295 1788 1451 1827 χαλκέως.

809 1832 982 1863 Βασκοίνιον
999 1832 1117 1873 praebet
1136 1832 1201 1862 Ms.
1224 1832 1247 1861 F
1250 1832 1452 1871 alckenburg.

810 1875 875 1905 Οὐκ
891 1874 957 1906 οῖδα
973 1875 1091 1909 addidi,
1106 1885 1170 1905 non
1186 1875 1276 1915 quasi
1290 1874 1382 1904 verba
1397 1883 1451 1904 co-

808 1917 893 1952 mici,
909 1918 964 1947 sed
980 1924 1015 1948 ut
1029 1928 1153 1948 versum
1167 1919 1335 1958 explerem.
1358 1917 1452 1948 Plato

809 1960 951 2000 Sympos.
967 1971 998 2000 p.
1014 1963 1087 1991 174.
1102 1960 1144 1989 D.
1159 1961 1236 1991 Hst.
1253 1960 1309 1990 τὸν
1317 1959 1375 1998 μὲν
1389 1959 1450 2000 ’γὰρ

810 2002 895 2033 εὐθὺς
908 2002 1002 2033 παῖδά
1012 2014 1082 2032 τινα
1093 2002 1213 2033 ἔνδοθεν
1226 2002 1450 2040 ἀπαντήσαντα

809 2044 906 2084 ἄγειν·
931 2045 996 2081 ubi,
1020 2045 1045 2075 si
1059 2045 1153 2075 lectio
1168 2055 1241 2076 sana
1255 2052 1350 2082 esset,
1367 2045 1453 2084 αὐτῷ

809 2088 1027 2118 subaudiretur
1042 2093 1117 2127 post
1131 2086 1362 2124 ἀπαντήσαντα.
1388 2088 1451 2118 Sed

810 2131 895 2160 aliud
910 2131 983 2160 olim
994 2131 1025 2160 in
1041 2130 1181 2160 Platonis
1196 2131 1282 2161 libris
1296 2131 1452 2161 exstitisse

810 2174 943 2227 liquete
961 2173 1074 2203 Photio
1090 2183 1119 2202 v.
1146 2171 1194 2203 Οἱ.
1221 2172 1270 2204 Οἵ.
1293 2185 1448 2212 περισπω-

809 2228 906 2255 μενως
931 2215 998 2247 ἀντὶ
1023 2216 1079 2246 τοῦ
1104 2216 1212 2254 ἑαυτῷ·
1242 2215 1392 2255 ὀξυτόνως
1417 2216 1450 2247 δὲ

810 2257 905 2290 οὑτοι·
931 2258 1114 2297 συμπόσιον’
1139 2257 1173 2289 οἳ
1190 2258 1247 2297 μὲν
1271 2258 1332 2298 γὰρ
1362 2259 1450 2290 εὐθὺς

808 2302 904 2333 παῖδά
927 2314 997 2333 τινα
1021 2304 1084 2333 τῶν
1109 2301 1195 2332 ἔνδον
1217 2300 1449 2338 ἀπαντήσαντα.

809 2345 859 2376 καὶ
875 2343 912 2376 οὑ
926 2345 993 2376 ἇντὶ
1008 2346 1064 2376 τοῦ
1079 2345 1183 2375 αὑτοῦ·
1197 2345 1351 2375 πολιτεία·
1365 2344 1450 2382 πλὴν

809 2386 853 2418 0‘5.
899 2388 991 2419 Hunc
1015 2389 1118 2419 locum
1133 2388 1310 2417 exscribens
1326 2387 1448 2422 suidas,

809 2437 862 2461 aut
876 2431 1019 2461 librarius
1033 2431 1110 2472 ejus,
1126 2440 1198 2460 cum
1210 2430 1381 2469 συμπόσιον
1393 2441 1446 2471 pro

810 2473 971 2513 συμποσίῳ
986 2474 1166 2508 invenisset,
1183 2483 1305 2503 summo
1321 2479 1447 2513 stupore

808 2514 893 2554 ζήτει
910 2518 942 2548 ἐν
956 2518 1000 2556 τῷ
1014 2517 1192 2556 praeposuit‚
1210 2521 1242 2545 ut
1257 2516 1308 2551 sit,
1332 2516 1447 2552 Quaere

808 2559 841 2588 in
868 2571 895 2589 v.
923 2559 1108 2598 Συμπόσιον.
1153 2558 1192 2587 In
1219 2559 1350 2588 Platone
1375 2567 1447 2587 vero

809 2602 877 2634 sine
903 2602 1116 2632 controversia
1136 2601 1305 2641 legendum
1326 2605 1394 2631 est:
1419 2599 1454 2631 οἳ
