1561 2798
446 552 1065 614 PRAEFATIO.

96 937 183 990 [iii]
197 928 352 988 Quin
363 940 407 980 in
419 939 503 981 hac
517 940 774 993 Euripideae
791 938 994 981 Hecubae
1008 939 1199 981 editione
1209 942 1444 993 praestare·

98 1002 282 1042 conatus
327 998 427 1046 sim,
461 997 620 1051 paucis
652 1011 892 1050 exponam.
955 997 1080 1038 Nihil
1109 998 1182 1038 hic
1214 996 1428 1050 exquisiti

98 1061 172 1098 aut
206 1055 426 1096 reconditi
478 1055 832 1108 expectandum;
890 1055 1080 1096 tironum
1121 1054 1281 1095 usibus
1331 1054 1428 1094 haec

98 1113 243 1178 opella
264 1112 549 1166 potissimum
567 1112 784 1152 destinata
807 1116 892 1153 est.

155 1170 351 1211 Primum
372 1170 458 1210 hoc
480 1182 659 1223 operam
684 1169 802 1218 dedi,
825 1173 871 1209 ut
892 1171 1052 1217 textus,
1082 1169 1121 1209 si
1139 1182 1226 1209 non
1248 1167 1428 1208 omnino

97 1227 370 1276 emendatus,
393 1227 620 1280 plerisque
639 1226 794 1267 saltem
809 1226 966 1266 ceteris
988 1225 1260 1267 editionibus
1282 1224 1431 1278 purior

97 1284 385 1325 exhiberetur.
447 1283 621 1324 Deinde
643 1283 828 1324 editoris
851 1282 1047 1323 officium
1082 1295 1180 1323 esse
1209 1281 1430 1336 judicavi,

98 1342 219 1391 nihil,
253 1342 337 1380 nisi
367 1340 536 1380 monito
568 1341 747 1389 lectore,
768 1353 963 1391 novare3
995 1340 1256 1393 praesertim,
1278 1339 1316 1379 si
1339 1350 1432 1392 qua

97 1411 152 1439 ex
175 1397 425 1450 conjectura
452 1397 583 1437 lectio
606 1397 879 1438 admittenda
899 1397 1137 1438 videretur.
1199 1396 1433 1447 Quocirca

98 1455 308 1496 editionis
351 1453 528 1494 Aldinae
563 1454 804 1494 lectionem
842 1466 1017 1507 semper
1051 1453 1309 1502 memoravi,
1343 1452 1433 1492 nisi

100 1512 211 1553 forte
233 1511 451 1566 paucisin
470 1510 602 1559 locis,
625 1523 727 1563 quae
750 1510 807 1551 ad
830 1523 1105 1551 communem
1127 1523 1322 1551 errorum
1339 1509 1434 1550 fon-

100 1575 186 1609 tem
202 1569 483 1622 pertinerent,
500 1567 747 1620 cujusmodi
763 1573 834 1607 est
852 1567 1089 1607 Dorismus
1110 1567 1196 1607 iste
1212 1566 1335 1620 μάτηρ
1355 1577 1433 1620 pro

100 1625 233 1680 μήτηρ,
255 1630 299 1665 et
321 1624 642 1666 terminationis
665 1640 674 1662 ι
696 1624 791 1664 sive
815 1639 843 1663 ιν
867 1623 1036 1665 additio
1056 1624 1130 1665 vel
1149 1623 1385 1664 detractio.

157 1682 293 1733 Quod
314 1682 370 1722 ad
395 1681 540 1721 varias
556 1681 773 1722 lectiones
794 1681 962 1730 attinet,
984 1681 1233 1734 plerasque,
1254 1684 1435 1735 praeter-

36 1765 38 1769 -
103 1752 234 1793 quam
257 1742 405 1793 aperte
428 1738 632 1787 vitiosas,
666 1738 872 1786 enotavi3
905 1737 984 1778 sed
1004 1737 1314 1787 auctoritates,
1338 1737 1436 1790 qui-

101 1798 185 1838 bus
206 1796 391 1849 singulae
414 1795 630 1845 nituntur,
650 1807 739 1835 non
761 1807 934 1848 semper
956 1795 1131 1836 curiose
1153 1794 1435 1845 enumeravi;

102 1857 336 1908 propterea
357 1851 479 1906 quod
502 1851 637 1892 modo
659 1864 749 1892 non
769 1856 864 1892 erat
885 1852 1009 1898 tanti,
1032 1851 1165 1892 modo
1188 1856 1281 1892 tam
1299 1851 1438 1904 negli-

103 1916 253 1963 genter
273 1910 318 1950 in
338 1909 425 1950 hoc
444 1921 619 1950 munere
647 1908 816 1949 versati
838 1912 961 1949 erant
993 1909 1130 1949 ceteri
1151 1908 1362 1959 editores,
1386 1912 1438 1948 ut

102 1967 356 2009 testimonia
388 1965 608 2007 Mstorum
645 1978 791 2018 neque
825 1969 1035 2006 accurate
1056 1966 1273 2006 numerari
1292 1978 1437 2019 neque

103 2025 340 2078 ponderari
360 2026 558 2078 possent.
619 2021 993 2076 Quotiescunque
1015 2021 1237 2076 Euripidis
1257 2021 1358 2063 loca
1379 2022 1437 2062 ab

106 2082 287 2136 antiquo
310 2080 522 2147 quopiam
536 2080 751 2133 scriptore
771 2091 872 2120 cum
889 2079 1097 2119 varietate
1114 2079 1318 2119 lectionis
1339 2078 1439 2119 lau-

106 2138 202 2179 dari
237 2139 535 2186 memineram,
568 2136 729 2177 sedulo
766 2136 930 2177 monui.
993 2135 1148 2189 Hujus
1168 2136 1230 2176 rei
1265 2134 1438 2189 insigne

106 2195 356 2248 exemplum
376 2194 570 2247 reperies
590 2206 719 2234 versu
740 2193 841 2234 568

164 2251 248 2305 [iv]
268 2251 317 2292 In
330 2251 517 2292 vocibus
531 2263 612 2303 per
626 2250 772 2291 crasin
794 2248 1063 2304 conjunctis,
1076 2251 1124 2289 ut
1146 2246 1251 2298 κᾶτι,
1267 2250 1351 2297 κᾶν,
1365 2246 1441 2287 καν

106 2309 152 2359 (i.
172 2321 211 2349 e.
234 2308 298 2348 καὶ
319 2308 369 2358 ἐν,
389 2309 452 2348 καὶ
474 2304 537 2359 αν)
559 2311 603 2348 et
624 2307 842 2347 similibus
877 2306 1140 2355 scribendis,
1175 2306 1390 2346 rationem
1413 2318 1442 2346 a

108 2365 424 2406 vetustioribus
458 2364 573 2405 Mss.
607 2367 827 2405 servatam
863 2363 1092 2415 diligenter
1120 2366 1304 2404 secutus
1325 2374 1440 2403 sum.

109 2420 210 2462 Iota
231 2421 408 2463 scilicet
435 2433 656 2487 nusquam
688 2419 793 2461 addi
807 2422 1016 2490 oportet,
1042 2418 1127 2459 nisi
1154 2419 1233 2460 ubi
1254 2417 1318 2458 καὶ
1339 2431 1443 2461 cum

110 2478 382 2533 diphthongo
403 2478 547 2520 crasin
568 2476 714 2527 efficit,
735 2481 784 2518 ut
805 2476 850 2517 in
863 2477 966 2531 κᾷτα
985 2489 1068 2531 pro
1089 2474 1152 2516 καὶ
1176 2473 1270 2516 εἶτα.
1339 2475 1442 2517 Hoc

110 2538 213 2588 post
233 2535 347 2578 alios
366 2536 540 2578 monuit
562 2534 818 2577 Dawesius.
848 2532 937 2588 (Α)

170 2590 319 2647 Eurip.
1245 2602 1270 2628 a
