1566 2789
122 45 195 117 28'

187 205 286 276 μή
284 229 358 258 aot
387 230 429 259 τι
458 205 624 280 δράσῃς
651 207 780 260 παῖδ’
810 209 1045 267 ἀνῆκεστον
1071 232 1224 261 κακον.

523 67 1028 120 ΕΥΡΙΠΙΔΟΥ

1357 221 1441 261 285

45 323 70 337 ,
102 317 119 333 1
130 324 162 352 4
174 281 534 373 ξυμβάλλεται
564 282 608 334 δὲ
637 283 797 334 πολλα
825 282 950 334 τοῦδε
979 282 1206 352 δείματος.

992 360 1012 369 Α.

188 355 301 422 &oon
329 354 547 423 πεφυκοις,
573 358 653 409 καὶ
681 359 828 408 κακῶν
855 370 1031 409 πολλων
1057 357 1178 429 ἴδρις,

186 435 326 482 λυπεῖ
349 429 407 492 δε,
434 430 624 504 Margana
651 429 843 503 ἀνὸξος’
832 454 1103 504 ἐστερημένη.

186 503 311 556 κλύω
338 504 379 557 δ
410 508 609 558 ἀπειλειν
632 529 684 567 σ,
711 508 762 564 ὦς
790 505 1159 572 ἀπαγγέλλουσί
1180 527 1271 576 μοι,

107 625 267 656 Tlheocrit.
289 625 352 657 xxi.
378 629 432 659 26.
459 638 528 658 cum
546 632 646 668 putet,
669 628 753 658 idem

102 668 183 707 juris
199 679 270 699 esse
286 669 413 710 liquidae
428 676 500 700 ante
515 680 643 705 mutam,
669 671 753 711 quod

108 717 157 741 est
169 716 264 742 mutae
280 717 353 743 ante
370 714 533 754 liquidam.
579 713 648 745 Nec
664 725 752 745 men-

107 754 217 785 dosum
233 766 301 786 esse
317 756 417 786 credit
432 757 700 789 WVvttenbachius
721 769 752 798 p.

106 801 161 829 55.
186 804 381 839 anapaestum
404 799 565 830 fortasse'
557 811 589 829 in
610 806 752 841 quarzttm

104 841 212 871 sedem
229 842 353 872 admitti
377 852 472 883 posse
491 843 645 884 judicans.
689 843 752 874 Sed

106 883 229 920 demus,
246 895 372 925 anapaes
359 891 424 915 tos
440 896 502 916 non
528 886 556 916 11
579 886 751 927 ejiciendos

103 937 185 963 essse,
202 928 228 957 si
244 938 350 958 omnes
366 929 564 959 consentiant
579 930 633 959 Ms
620 940 662 960 5.
655 952 675 966 .,
698 940 752 961 eos

103 975 190 1000 certe
207 971 262 1001 ubi
277 971 382 1011 plures
399 972 521 1007 tollunt,
544 972 659 1003 fmstra
673 974 749 1004 reti-

102 1023 178 1044 nere
191 1015 325 1044 coneris.
371 1015 529 1046 Praeterea
544 1016 653 1055 tragici
668 1027 748 1046 nun-

103 1066 200 1095 quam
227 1058 261 1087 111
290 1058 439 1094 senarios,
468 1058 654 1094 ³·.,'ochaicos
683 1065 747 1096 aut,

102 1104 195 1148 puto,
213 1107 391 1141 anapaestos
415 1102 572 1141 legitimos
598 1101 665 1141 περὶ
693 1103 746 1133 ad-

102 1142 236 1173 mittunt
251 1149 323 1174 ante
340 1145 490 1180 vocalem,
503 1145 566 1175 sive
580 1145 612 1174 in
624 1145 747 1186 eadem,

101 1185 169 1215 sive
184 1186 215 1215 in
231 1186 365 1217 diversis
381 1188 521 1218 vocibus.
566 1187 635 1218 Imo
652 1199 690 1218 ne
714 1170 747 1219 izi

101 1228 217 1259 melica
231 1230 361 1270 quidem
375 1231 506 1260 verbum
529 1232 577 1260 vel
602 1231 746 1262 substan

100 1271 200 1301 tivum
227 1273 405 1313 hujusmodi
435 1273 669 1313 compositionis
697 1275 745 1305 in-

100 1318 183 1344 trare
206 1315 425 1355 sinunt31aro
449 1316 619 1347 admodum
642 1317 746 1358 adjec-

102 1357 202 1387 tivum
214 1358 467 1389 veladverbium.
490 1359 518 1388 A
524 1360 588 1400 pud
600 1360 747 1402 AEschyl.

101 1371 550 1443 Αςει1η.224.051περιόρ’γως,
563 1403 639 1433 ibid.
653 1406 747 1434 1457.

101 1443 295 1483 περιώδυνος.
357 1445 395 1475 111
426 1446 509 1485 Soph
513 1445 573 1476 ocl.
611 1445 746 1476 Phaedra

99 1487 185 1525 apud
204 1487 364 1517 Stobaeum
381 1487 483 1527 Echp
464 1499 495 1527 p.
516 1491 588 1520 133.
611 1488 745 1528 περιώσι’

102 1528 228 1569 ἅφυκτά
242 1542 279 1561 τε
294 1530 401 1569 μήδεα.
439 1530 513 1561 (Ed.
527 1531 565 1561 T.
583 1533 676 1562 1218.
691 1544 745 1562 πε·

99 1571 226 1611 ριάλλα,
242 1573 339 1613 idque
354 1575 460 1604 forsan
486 1573 593 1613 posuit
618 1575 651 1604 in
676 1574 745 1605 loeo

98 1615 268 1657 Thamyrae
290 1617 526 1657 corruptissimo
555 1617 639 1657 apud
668 1617 745 1647 Plu-

98 1659 198 1689 tarch.
216 1664 237 1690 t.
255 1659 285 1689 ii.
300 1669 332 1700 p.
352 1663 444 1691 1093.
460 1659 502 1689 D.
519 1660 602 1700 quod
616 1661 642 1690 si
658 1660 744 1696 fecit,

97 1702 142 1731 ita
156 1702 285 1742 scripsit
299 1702 408 1733 ultima
422 1714 428 1732 ε
457 1702 492 1733 ἔκ
515 1715 551 1734 τε
567 1702 676 1741 νόμων,
694 1703 745 1735 οὓς

98 1744 243 1785 Θαμύρας
255 1745 412 1786 περίαλλα
434 1747 625 1784 μουσοποιεῖ.
671 1747 744 1783 Sed,

97 1788 166 1817 sive
191 1793 265 1818 sunt
294 1789 354 1819 ista
382 1790 547 1829 Sophoclis
576 1790 642 1819 sive
667 1789 743 1819 Plu-

98 1831 198 1860 tarchi
221 1831 325 1868 verba,
346 1831 503 1871 περίαλλα
518 1831 685 1872 conjuncte
700 1831 744 1862 le-

100 1874 237 1913 υ00111131
267 1879 325 1905 est.
379 1876 466 1906 Voce
495 1875 593 1905 utitur
621 1874 743 1905 Aristo-

97 1917 742 1959 Ρὴῆι105Τ1105111ορ11.1079.ΤιποτἈν-

99 1959 230 1999 δρομεδα
252 1960 408 2001 περίαλλα
433 1963 535 1992 κακῶν
557 1961 656 1999 Μέρος
681 1961 742 2000 ἐξε-

98 2009 233 2042 λαχον,
225 2015 231 2020 ·
258 2004 338 2040 Quae
354 2005 381 2035 si
397 2005 464 2044 ipsa
481 2004 659 2045 Euiipideae
674 2003 742 2033 An-

99 2047 258 2076 dromedae
284 2048 376 2078 verba
406 2052 491 2088 sunt,
520 2047 681 2086 pertinent
703 2047 741 2077 ad

101 2095 244 2130 systema
269 2090 481 2130 illegitimum,
511 2095 545 2119 ut
571 2101 606 2119 ex
625 2100 743 2130 praece-

100 2132 249 2163 dentibus
266 2133 373 2173 liquet.
418 2133 502 2162 Hinc
519 2133 610 2162 etiam
628 2132 742 2162 refelli-

100 2180 150 2204 1111·
173 2175 315 2206 Dawesii
338 2176 517 2206 emendatio
541 2177 578 2205 ad
596 2176 742 2216 Sophocl.

101 2217 173 2248 OEd.
188 2218 225 2248 T.
240 2221 334 2250 1505.
349 2217 392 2257 μή
409 2225 471 2258 σφε
486 2217 620 2259 περιΐδῃς
637 2228 690 2257 pro
700 2217 743 2256 μή

100 2266 162 2300 σφε
191 2260 329 2302 παρίδῃς.
375 2262 467 2297 Quod
498 2262 642 2301 περιϊδεῖν
678 2265 743 2290 tam

100 2314 183 2343 saepe
207 2305 340 2334 occurrit
365 2305 448 2344 apud
477 2305 625 2340 comicos,
651 2313 743 2342 argu·

100 2352 210 2376 mento
227 2352 287 2383 est,
303 2348 430 2387 tragicis
445 2357 482 2377 eo
497 2348 545 2377 uti
560 2357 623 2376 non
636 2346 742 2376 licere.

98 2389 172 2419 Nisi
187 2395 321 2420 statuere
333 2391 445 2425 mavis,
457 2388 583 2430 παρίδῃς
600 2389 743 2430 genuinae

100 2433 186 2461 vocis
208 2442 278 2463 esse
306 2433 631 2473 interpretamentum,
660 2432 743 2472 lege,

99 2475 142 2512 μὴ
158 2473 239 2515 παρά
253 2475 306 2514 σφ’
320 2475 397 2516 ἴδῃς.
421 2478 463 2505 At
476 2475 560 2505 enim
575 2476 672 2510 dices,
688 2486 742 2504 πε-

99 2517 259 2557 ριάγουσιν
274 2519 367 2548 habet
380 2518 449 2557 ipse
465 2517 640 2557 Euripides.
677 2517 743 2546 Ha-

99 2561 154 2590 bet
169 2571 244 2590 sane
260 2572 267 2599 3
293 2561 349 2591 sed
363 2561 396 2590 in
413 2560 557 2601 Cyclope
573 2563 647 2591 686.
672 2559 741 2589 dra-

101 2608 185 2634 mate
202 2603 351 2648 satyrico,
377 2613 447 2645 quae
463 2604 568 2645 plures
584 2602 742 2644 tragoediae

796 627 883 667 leges
898 626 1026 663 violant,
1041 628 1146 667 plures
1163 626 1322 657 comoediae
1339 626 1437 656 licen-

796 670 855 699 tias
871 670 1065 708 adsciscunt3
1082 671 1164 710 quod
1180 670 1324 709 exemplo
1340 670 1439 699 altero

795 712 871 742 libet
907 713 1084 744 ostendere.
1129 713 1294 753 Sophoclis
1329 723 1439 743 versus

795 756 948 795 quosdam
971 757 1069 795 citant
1084 755 1231 786 Clemens
1249 755 1435 785 Alexandri-

795 809 853 828 nus
876 800 988 829 Str-om.
1015 810 1042 828 ν.
1068 809 1100 839 p.
1127 803 1201 830 716.
1221 802 1251 830 7.
1279 798 1437 829 Eusebius

794 841 899 882 Praep.
917 842 974 872 Ev.
989 842 1053 872 xiii.
1068 845 1121 873 13.
1138 853 1168 882 p.
1183 845 1258 873 650.
1274 841 1306 871 in
1323 841 1435 882 quibus

794 891 842 914 est
859 895 916 915 vox
941 884 1201 933 ἐπημφιεσμένος.
1246 884 1337 915 Hanc
1361 894 1434 915 vero

793 929 900 968 tragici
916 939 977 958 non
994 928 1097 958 minus
1112 938 1206 968 quam
1221 926 1435 967 περιάγουσιν,

793 977 824 1001 et
848 972 979 1001 eandem
1006 971 1045 1001 ob
1072 981 1208 1007 causam,
1237 971 1359 1011 opinor,
1382 981 1431 1001 re-

792 1015 957 1054 spuebant.
987 1014 1033 1044 At
1053 1024 1126 1046 vero
1150 1015 1180 1044 in
1202 1014 1315 1044 iisdem
1338 1013 1435 1043 νο151-

791 1057 848 1087 bus
877 1063 1045 1088 occurrunt
1072 1067 1165 1087 voces
1187 1056 1312 1096 πτίλον,
1335 1057 1434 1095 ὗπημ-

790 1100 942 1140 βρύωσεν,
964 1100 1151 1141 ὁλοσχερὴς,
1176 1099 1330 1140 ἐθόρνυτο,
1356 1109 1432 1140 qua-

788 1152 856 1173 rum
883 1145 971 1174 nulla
1000 1144 1124 1183 tragicis
1159 1144 1204 1173 uti
1242 1142 1432 1183 peimissum

789 1192 867 1217 erat
913 1186 975 1216 Pio
1000 1186 1144 1226 ἐθόρνυτο
1170 1186 1300 1226 quidem
1324 1184 1433 1225 ἐθρύπ-

787 1241 861 1260 τετο
886 1230 980 1259 habet
1006 1230 1165 1265 Clemens,
1187 1229 1239 1259 sed
1268 1228 1433 1259 manifesta

789 1273 901 1312 glossa.
930 1272 1051 1303 Versus
1065 1272 1160 1312 igitur
1175 1276 1249 1302 sunt
1264 1281 1281 1301 e
1298 1271 1432 1313 satyrico

788 1314 928 1345 dramate
951 1317 1101 1355 excerpti.
1146 1314 1217 1345 Huc
1233 1313 1323 1349 adde,
1347 1313 1432 1354 quod

788 1358 908 1398 tragici,
925 1358 950 1387 si
966 1367 1075 1388 vocem
1091 1367 1199 1398 puram
1223 1367 1241 1387 a
1263 1356 1331 1397 περὶ
1345 1366 1429 1387 com-

787 1402 921 1440 positam
938 1401 1099 1436 adhibent,
1111 1400 1183 1430 huic
1193 1400 1268 1429 vitio
1283 1410 1338 1439 per
1349 1404 1429 1429 tme-

787 1444 833 1472 sin
860 1444 1034 1479 medentur,
1057 1448 1093 1472 ut
1114 1442 1231 1472 Bacch.
1252 1444 1326 1473 619.
1346 1442 1430 1481 Τῷδε

786 1485 854 1526 περὶ
870 1485 1008 1524 βρόχους
1024 1484 1144 1520 ἔβαλλε
1159 1484 1273 1523 ’γόνασι
1294 1484 1345 1516 καὶ
1365 1496 1428 1524 χη-

786 1531 858 1560 λαῖς
880 1531 990 1560 ποδῶν.
1012 1533 1044 1558 et
1066 1528 1210 1558 similiter
1223 1528 1337 1558 Troad.
1354 1531 1430 1559 561.

787 1572 871 1611 apud
886 1572 1018 1602 Cornut.
1034 1571 1072 1601 de
1089 1572 1132 1602 N.
1149 1571 1191 1600 D.
1213 1581 1245 1611 p.
1270 1573 1343 1601 184.
1367 1574 1428 1601 Κο-

786 1615 867 1655 ρυφὴ
883 1614 914 1645 δὲ
930 1617 1016 1650 θεῶν,
1034 1615 1050 1645 ὁ
1065 1613 1132 1654 περὶ
1153 1614 1239 1653 χθόν’
1263 1613 1347 1652 ἔχων
1368 1617 1428 1644 Φα-

788 1657 866 1689 εινὸς
879 1657 975 1697 αἰθήρ.
1021 1658 1127 1692 Porro,
1142 1665 1178 1687 ut
1192 1656 1223 1686 id
1238 1656 1339 1686 obiter
1360 1666 1427 1686 mo-

785 1711 889 1737 neam,
913 1711 973 1730 vox
988 1701 1139 1740 ἐμβρυοῦν
1161 1710 1232 1730 cum
1248 1699 1431 1738 compositis

786 1754 849 1774 non
872 1750 1054 1784 comparent
1073 1753 1176 1784 neque
1205 1742 1239 1772 in
1268 1743 1430 1782 Stephano

785 1797 889 1827 neque
913 1788 945 1817 in
972 1786 1116 1827 Scapula.
1162 1785 1244 1816 Hinc
1268 1785 1366 1815 etiam
1389 1784 1428 1815 li·

786 1836 872 1869 quet,
895 1840 1003 1860 versus
1027 1840 1063 1860 ex
1079 1827 1241 1868 Euripidis
1255 1827 1395 1869 Sisypho
1411 1837 1430 1857 a

786 1872 1100 1903 Pseudo-Plutarcho
1123 1871 1276 1902 adductos
1298 1870 1337 1901 de
1355 1870 1428 1901 Pla-

785 1916 856 1946 citis
873 1916 1061 1956 Philosoph.
1086 1916 1106 1946 i.
1130 1918 1160 1946 7.
1183 1915 1302 1944 rectius
1318 1913 1452 1948 Critiae,

786 1964 921 1999 tjranno
934 1959 1025 1988 tribui
1039 1969 1057 1989 a
1068 1959 1162 1988 Sexto
1178 1957 1204 1986 1:
1192 1956 1338 1997 mpirico
1355 1956 1426 1986 adi.

784 1998 1427 2040 1110111οη1.11.54.Τοιούσδεπεριέστησεν

785 2044 948 2085 ἀνθρώποις
963 2043 1066 2084 φόβου
1080 2042 1242 2083 Στοίχους.

828 2091 901 2119 285.
917 2088 1002 2127 Lege
1016 2093 1070 2117 aut
1084 2087 1126 2126 μή
1137 2098 1188 2124 μοι
1199 2098 1230 2116 τι
1241 2095 1314 2115 cum
1328 2083 1426 2119 Aldo,

786 2135 840 2160 aut
853 2130 896 2168 μή
911 2129 963 2169 μοι’
975 2142 1007 2160 τι
1022 2141 1090 2160 cum
1107 2129 1246 2160 Lascari.

828 2176 903 2204 289.
926 2174 1077 2209 ἀπειλειν,
1089 2172 1161 2202 Ald.
1177 2177 1209 2202 et
1224 2169 1425 2201 membranae.

785 2215 921 2247 ἀπειλεῖς
951 2216 989 2246 Β.
1022 2216 1066 2246 D.
1096 2215 1183 2246 Cott.
1213 2215 1251 2245 L.
1280 2213 1425 2243 ἀπειλαῖς

784 2259 867 2289 Flor.
911 2259 957 2288 Ex
980 2259 1150 2299 Tyrwhitti
1165 2257 1344 2298 conjectum
1357 2255 1424 2285 edi-

783 2302 830 2331 dit
852 2302 1053 2342 Musgravius
1076 2301 1216 2331 ἆπειλειν
1240 2299 1281 2334 σ’,
1307 2309 1344 2328 ex
1371 2307 1428 2328 sua

784 2344 961 2374 Brunckius
987 2343 1076 2384 χόλῳ
1105 2343 1131 2374 δ’
1158 2343 1307 2373 ἀπειλεῖς.
1360 2340 1423 2370 Sed

784 2387 863 2416 mihi
879 2387 1021 2417 videntur
1043 2385 1220 2428 hujusmodi
1247 2383 1425 2423 tautologiae

785 2439 847 2459 non
863 2431 1026 2460 abliorrere
1040 2430 1078 2458 ab
1102 2428 1262 2468 Euripidis
1287 2425 1427 2466 ingenio.

786 2471 860 2501 Hel.
878 2475 971 2503 1059.
986 2471 1097 2508 βούλει
1120 2470 1279 2510 λέγεσθαι,
1305 2472 1349 2507 μὴ
1373 2470 1426 2498 θα.-

787 2515 854 2550 νὼν,
872 2515 958 2554 λόγῳ
975 2516 1097 2553 θανεΐν;
1125 2513 1209 2554 quod
1223 2512 1316 2542 nimis
1330 2511 1428 2540 licen-

786 2562 834 2586 ter
858 2557 1010 2588 Reiskius
1037 2563 1071 2588 et
1094 2555 1305 2596 Musgraviusr
1321 2563 1429 2584 ernen-

787 2600 871 2637 dant,
887 2600 1063 2632 Brunckius
1078 2610 1150 2631 vero
1166 2599 1232 2631 sine
1250 2596 1428 2638 suspicione
