1586 2798
643 67 923 98 PRAEFATIO.
1408 57 1458 100 iii

124 171 415 214 bitrabimur‘?
454 169 582 211 Adde
603 170 725 224 quod
749 170 860 211 Mss.
886 171 1163 218 auctoritate,
1186 169 1457 224 scriptorum

122 229 426 278 citationibus,
456 232 500 269 et
533 228 698 269 criticis
726 230 991 281 argumentis
1012 228 1331 281 exemplorum,
1354 241 1456 281 quae

125 288 168 328 in
189 287 301 327 hanc
325 291 494 340 partem
515 285 690 327 laudari
712 287 932 336 solebant,
954 299 1164 327 numerus
1193 285 1289 339 Jam
1326 285 1457 327 valde

125 345 378 385 imminutus
399 348 479 384 ost.

182 401 333 442 Aliam
375 402 473 455 ipse
516 400 731 441 rationem
771 399 947 453 adjicio,
991 414 1090 454 quae
1133 401 1173 440 si
1227 413 1332 442 vera
1373 405 1456 450 est,

124 472 296 509 omnes,
322 460 495 512 opinor,
518 464 795 510 anapaestum
819 459 1001 511 paribus
1023 459 1187 499 senarii
1205 458 1318 499 locis
1341 472 1458 499 sem-

126 530 204 570 per
222 516 547 557 excludendum
569 528 669 556 esse
703 515 814 555 ultro
848 519 1104 567 agnoscent.
1165 515 1299 557 Hanc
1326 517 1461 557 ratio-

127 587 240 624 nem,
280 587 369 614 non
403 574 536 627 plane
573 573 752 627 quidem
793 573 1009 620 novam&
1046 573 1268 627 plerisque
1309 578 1459 614 tamen

128 632 342 684 ignotam,
380 645 514 684 quam
542 631 805 671 brevissime
835 631 1091 684 explicabo.
1150 629 1234 681 [vi]
1262 631 1458 672 Tantum

126 689 303 730 scilicet
343 689 482 738 abest,
515 701 612 728 mea
648 688 881 737 sententia,
917 693 962 729 ut
998 692 1253 742 anapaestus
1289 702 1368 741 pro
1391 703 1459 730 se-

127 746 273 787 cundo
308 750 386 787 aut
421 751 579 799 quarto
604 746 716 799 pede
738 751 944 798 ponatur,
967 749 1013 786 ut.
1035 759 1089 786 ne
1110 758 1191 798 pro
1214 747 1340 785 tertio
1364 748 1459 800 qui-

126 803 228 844 dem
250 809 327 844 aut
344 805 499 858 quinto
521 803 734 844 substitui
756 804 916 856 possit.
978 803 1082 844 Hoc
1105 803 1158 844 de
1195 803 1327 844 tertio
1349 804 1461 857 pede

126 861 165 901 si
187 862 286 915 quis
309 875 458 902 verum
482 874 582 902 esse
614 860 841 906 concedet,
881 861 1095 901 concedet
1129 874 1156 902 a
1189 861 1376 910 fortiori,
1413 868 1460 902 ut

128 918 284 972 Logici
305 920 473 968 dicunt,
506 919 560 959 de
594 920 746 972 quinto
770 918 902 958 etiam
926 931 1075 958 verum
1098 931 1220 969 esse3
1254 918 1460 972 dactylus

125 976 258 1026 enim,
280 978 356 1030 qui
374 979 415 1017 in
431 978 555 1018 tertia
577 976 681 1017 sede
695 975 954 1016 creberrime
969 979 1220 1029 usurpatur,
1237 976 1280 1016 in
1303 977 1462 1029 quinta

126 1045 354 1087 nunquam
376 1039 581 1088 apparet.
640 1032 922 1086 Anapaestus
947 1034 1092 1085 igitur,
1124 1034 1163 1074 si
1194 1034 1272 1074 illa
1306 1035 1461 1075 exclu-

128 1090 258 1140 ditur,
282 1091 398 1132 hanc
420 1093 578 1132 intrare
599 1103 687 1131 non
718 1094 881 1144 potest.
941 1090 967 1131 J
975 1104 1043 1131 am
1078 1091 1194 1141 loca,
1228 1104 1328 1145 quae
1359 1091 1460 1132 hnic

128 1146 343 1189 doctrinae
379 1149 682 1195 adversantur,
716 1155 808 1188 tam
842 1160 991 1200 pauca
1023 1152 1140 1195 sunt,
1176 1153 1267 1189 tam
1306 1149 1462 1190 facilia

128 1206 358 1246 emendata
383 1205 608 1258 pleraque,
629 1208 690 1251 ut,
713 1206 751 1244 si
771 1217 885 1243 unus
902 1210 948 1244 et
964 1204 1077 1244 alter
1092 1205 1204 1246 forte
1221 1207 1463 1258 supersint,

128 1263 290 1314 quibus
311 1275 392 1302 nos
415 1262 582 1302 mederi
603 1273 897 1313 nequeamus,
919 1273 1005 1301 non
1027 1261 1193 1301 idcirco
1215 1275 1327 1302 sana
1341 1262 1462 1315 judi-

128 1319 276 1359 canda
315 1320 414 1359 sint,
489 1318 711 1372 Equidem
744 1317 908 1366 omnia,
951 1331 1049 1370 quae
1092 1318 1257 1371 regulae
1297 1324 1459 1360 nostrae

128 1375 346 1416 contraria
384 1376 636 1425 observavi,
664 1379 741 1415 aut
772 1387 941 1422 sanare,
975 1378 1051 1414 aut
1083 1374 1354 1425 adversariis
1378 1378 1462 1417 eri-

129 1445 231 1485 pere
253 1446 387 1486 posse
412 1432 577 1473 videor.
640 1432 706 1472 Ea
735 1443 835 1484 quae
871 1431 1126 1484 Euripideae
1153 1432 1317 1474 fabulae
1356 1446 1461 1487 sup-

129 1488 343 1542 peditant,
366 1490 554 1543 singula,
584 1489 662 1529 ubi
684 1488 866 1528 occasio
889 1489 1152 1540 postulabit,
1175 1490 1460 1532 examinabo.

132 1545 365 1609 Quotquot
385 1548 430 1588 in
452 1546 667 1601 [Eschylo
686 1550 730 1587 et
745 1545 970 1599 Sophocle
988 1552 1240 1597 occurrunt,
1263 1547 1337 1588 hic
1355 1548 1461 1588 sub-

120 1615 293 1655 jimam.

246 1661 489 1715 AEschylus
519 1660 742 1702 Prometh.
773 1659 872 1699 246.
935 1658 1011 1699 Καὶ
1043 1659 1115 1712 μὴν
1149 1658 1269 1710 φίλοις
1311 1663 1461 1710 ἐλεεινὸς

779 1718 921 1787 Ειῡζορᾷν
941 1734 1030 1771 ἔγω

522 1774 681 1828 Agam.
703 1774 802 1816 664.
826 1772 1015 1828 ”Ηρεικον·
1034 1791 1072 1814 αι
1064 1774 1122 1814 δε
1140 1775 1400 1830 κεςωτυπούμε
1404 1793 1459 1817 ναι

778 1829 861 1886 βία.

522 1887 719 1942 Cho‘e'ph.
739 1888 840 1929 421.
865 1884 1017 1937 ’Έκοψς
1039 1889 1182 1943 κομμὸν
1208 1887 1301 1946 ”493
1286 1905 1366 1941 eaor,
1390 1888 1462 1930 εἴτε

787 1943 966 1992 Κισσίας.

713 2003 815 2043 654.
876 2000 993 2056 Εἴπερ
1030 2001 1213 2057 φιλόξενός
1253 2003 1354 2045 ἐστιν
1392 2006 1460 2044 Αἶ-

779 2057 909 2113 γῖσθου
931 2060 1013 2110 βία.

523 2116 711 2156 Eumen·
733 2116 833 2157 896.
857 2116 1152 2170 Πάσηςάπῆμον’
1166 2116 1193 2156 δ’
1206 2115 1331 2168 ὀϊζυος·
1349 2115 1461 2172 δέχου

777 2173 812 2213 δὲ
835 2189 895 2214 συ.

521 2228 681 2283 Suppl.
702 2228 801 2270 SOO.
863 2230 961 2285 Πρὸς
1002 2247 1038 2270 ον
1091 2231 1179 2283 νέφη
1232 2234 1275 2273 δι’
1325 2233 1463 2286 ὑδρηλα

781 2285 956 2341 γίγνεται
974 2286 1085 2342 χιών.

176 2439 194 2457 ²
214 2438 340 2470 Timide
365 2437 524 2479 proposita
550 2443 598 2468 est
618 2438 655 2468 ab
671 2438 772 2469 amico
788 2439 939 2471 Morelli'
931 2451 965 2471 m
979 2441 1127 2472 Tractatu
1143 2441 1210 2483 ejus
1225 2443 1264 2474 de
1280 2441 1462 2473 Graecorum

134 2480 189 2513 Me
180 2483 246 2512 tris
269 2487 341 2512 ante
364 2481 556 2511 Thesaurum
584 2481 705 2512 Graeeae
736 2482 1123 2525 Poeseos.(Dacty1um
1149 2485 1183 2516 in
1204 2486 1313 2528 quinta
1339 2485 1465 2525 'lragici

134 2525 243 2555 senarii
257 2534 415 2566 nunquam
431 2533 604 2560 occurrere,
617 2524 733 2555 ibidem
747 2524 924 2557 observavit
938 2527 1104 2559 Morellus.
1107 2527 1122 2570 )
