1596 2824
539 501 958 558 ADDENDA

292 724 374 774 IN
413 722 634 773 NOTIS
674 720 778 769 AD
819 714 1206 768 HECUBAM.

131 1091 181 1134 V.
201 1095 294 1134 958.
324 1093 519 1131 EANDEM
555 1090 791 1129 locutionem
821 1088 1025 1142 usurpavit
1059 1089 1176 1128 etiam
1207 1084 1411 1138 Euripides

79 1147 166 1198 {plu
202 1149 251 1187 A.
288 1148 380 1185 856.
413 1147 535 1194 Χαῖρ’,
570 1148 611 1183 οὒ
644 1148 716 1193 ’γὰρ
746 1145 865 1193 ὀρθοῖς
908 1145 1078 1194 ὄμμασίν
1114 1146 1145 1181 σ’
1183 1143 1231 1179 ἔτ’
1268 1143 1414 1188 εἰσορῶ.

79 1201 221 1239 Paullo
242 1201 420 1239 diversus
440 1207 502 1237 est
522 1198 597 1237 loci
631 1198 839 1250 Sophoclei
874 1197 967 1236 OEd.
987 1197 1033 1236 T.
1059 1198 1153 1234 528.
1177 1207 1336 1239 sensus,
1353 1193 1416 1239 Ἐξ

78 1255 256 1304 ὀμμάτων
275 1254 304 1292 δ’
323 1255 441 1301 ὀρθῶν
461 1269 499 1291 τε
520 1256 584 1299 κάξ
602 1253 706 1301 ὀρθῆς
726 1253 869 1304 φρενός.
891 1250 1069 1288 diversus
1092 1250 1208 1288 etiam
1227 1245 1415 1286 Ovidiani

78 1308 180 1346 Met.
213 1308 252 1348 ii.
298 1308 391 1346 776.
450 1311 476 1327 “
494 1305 700 1356 Nusquam
736 1311 844 1343 recta
877 1303 1023 1343 acies.'’
1079 1303 1156 1341 Pro
1192 1298 1417 1351 ‘intrepido

76 1361 201 1399 vultu'
220 1361 388 1400 occurrit
423 1360 529 1411 apud
560 1360 761 1397 Lucanum
781 1358 832 1396 ix.
854 1358 951 1398 904.
1007 1361 1032 1379 “
1052 1357 1129 1401 Qui
1151 1363 1313 1408 potuere
1334 1353 1418 1405 pati

78 1414 211 1453 radios
232 1421 270 1452 et
293 1427 470 1452 LUMINE
493 1426 629 1451 RECTo
651 1412 881 1450 Sustinuere
902 1412 1042 1456 diem,”
1061 1424 1176 1461 quem
1198 1409 1314 1447 nimis
1336 1420 1418 1445 ser-

77 1468 206 1507 viliter
224 1468 397 1506 imitatur
423 1467 666 1505 Claudianus
684 1466 802 1504 Praef.
820 1465 871 1503 ad
893 1478 966 1505 111.
988 1464 1196 1503 Consulat.
1226 1460 1417 1500 Honorii':

78 1526 104 1543 “
123 1521 173 1560 Et
201 1533 341 1561 REc‘ro
370 1522 549 1559 flammas
570 1521 736 1572 imperat
771 1532 855 1557 ORE
893 1518 1016 1571 pati.’'
1073 1517 1172 1556 Haec
1200 1516 1326 1554 addas
1355 1514 1417 1560 iis,

77 1588 169 1626 quae
187 1576 244 1614 vir
265 1588 438 1614 summus
460 1574 663 1612 Bentleius
694 1573 898 1624 congessit
932 1571 983 1610 ad
1012 1572 1153 1610 Horat.
1176 1571 1306 1608 Carm.
1328 1569 1354 1606 i.
1378 1569 1418 1606 3.

81 1630 144 1667 18.
203 1629 320 1673 Quod
340 1629 392 1666 ibi
416 1629 615 1680 Hesycbio
635 1627 819 1674 restituit,
840 1627 1069 1678 ἀτᾶρμυκτον
1098 1638 1216 1676 quam
1243 1622 1419 1675 proxime

76 1681 198 1721 habet
223 1682 347 1720 codex
370 1683 506 1720 unicus
528 1695 551 1719 a
578 1681 758 1719 Schowio
778 1680 962 1719 collatus.
1021 1680 1128 1717 Citat
1159 1678 1319 1729 quidem
1350 1674 1420 1712 Al-

76 1735 212 1774 bertus
246 1735 466 1785 ἅταρβὴτοις
496 1737 700 1785 προσώποις
733 1747 781 1772 ex
813 1733 1053 1784 Empedocle
1081 1733 1186 1784 apud
1215 1728 1418 1768 Plutarch.

76 1788 129 1827 de
150 1789 316 1827 Defectu
335 1789 452 1827 Orac.
473 1803 513 1840 p.
534 1790 628 1827 400.
651 1789 696 1826 B.
717 1801 805 1838 quae
824 1788 942 1825 verba
976 1788 1009 1825 si
1043 1782 1375 1837 wyttenbachius
1396 1794 1422 1819 a

77 1854 198 1894 prosa
226 1842 402 1881 oratione
433 1848 669 1894 separasset,
700 1849 739 1879 et
772 1841 827 1878 sic
860 1839 1065 1885 edidisset,
1083 1839 1315 1885 Ἀνταυγεῖν
1332 1835 1422 1885 πρὸς

67 1897 275 1947 ”Ολυμπον
295 1897 556 1947 ἀταρμύκτοισι
575 1895 795 1946 προσώποις,
811 1892 908 1932 alios
929 1893 1089 1936 nescio;
1121 1904 1195 1942 ego
1214 1897 1320 1929 certe
1337 1901 1419 1927 non

78 1962 280 1988 irascerer.

135 2004 272 2053 [1030.
297 2001 516 2052 Euripideis
533 2001 722 2052 exemplis
736 2001 839 2039 illius
860 1998 1100 2051 trajectionis
1121 2011 1143 2036 a
1160 2011 1221 2036 me
1242 1996 1421 2036 excitatis

80 2054 173 2094 add.
211 2055 342 2093 Orest.
368 2057 484 2093 1182.
524 2055 720 2092 Phoeniss.
761 2056 851 2093 184.
883 2055 977 2091 955.
1010 2052 1120 2091 Med.
1147 2053 1241 2090 298.
1283 2050 1422 2088 Sthen.

81 2109 239 2160 Fragm.
256 2109 281 2147 i.
294 2108 514 2157 (Aristotel.
533 2108 696 2146 Rhetor.
713 2107 753 2146 ii.
768 2109 834 2145 21.
852 2109 904 2154 l.)
922 2107 1039 2144 Conf.
1055 2107 1140 2156 ipse
1153 2105 1355 2142 Porsonus
1370 2103 1424 2141 ad

83 2162 216 2200 Orest.
243 2163 358 2200 1645.
410 2162 627 2199 Homericis
653 2161 848 2198 accedant
882 2159 993 2197 haec:
1043 2158 1191 2210 Odyss.
1213 2158 1267 2196 A.
1288 2158 1355 2196 70.
1373 2157 1422 2195 T.

82 2215 175 2254 523.
206 2215 295 2252 Non
313 2215 426 2252 mirer
447 2214 576 2264 igitur,
599 2215 629 2252 si
645 2215 733 2264 quis
748 2212 949 2264 Odyss.E.
975 2214 1064 2250 175.
1085 2211 1206 2262 [Ibid.
1232 2212 1322 2249 183.
1343 2209 1423 2260 leg.

83 2269 187 2321 ἁλώῃ
206 2268 263 2315 (it.
281 2268 326 2305 Il.
348 2268 380 2306 Ι.
395 2269 486 2305 592.
509 2268 573 2304 ubi
588 2280 680 2305 vera
697 2267 889 2318 scriptura
908 2278 987 2303 non
1008 2265 1111 2316 fugit
1124 2264 1322 2317 Heynium
1337 2269 1365 2301 t.
1381 2276 1422 2302 v.

80 2333 121 2371 p.
161 2323 254 2360 732.
290 2321 407 2359 Conf.
441 2321 615 2371 AEschyl.
657 2321 697 2358 S.
729 2333 766 2357 e.
796 2319 869 2357 Th.
901 2320 995 2356 259.
1017 2319 1102 2366 Br.)
1133 2325 1172 2357 et
1192 2320 1280 2355 184.
1302 2316 1418 2371 φὺγῃ,

82 2375 264 2428 ὑπέρσχῃ,
299 2388 398 2424 quos
421 2374 499 2411 duo
521 2373 786 2424 subjunctivos
808 2372 1008 2410 Porsonus
1031 2385 1051 2409 e
1072 2371 1162 2410 cod.
1186 2371 1298 2409 Harl.
1326 2382 1424 2407 eno·

80 2426 193 2466 tavit.
235 2428 352 2467 Conf.
372 2427 418 2464 11.
435 2428 464 2465 I.
487 2428 577 2465 701.
602 2426 695 2465 add.
715 2426 811 2464 ibid.
829 2426 922 2464 619.
942 2424 1019 2462 Od.
1034 2424 1075 2462 Σ.
1093 2426 1185 2463 265.
1215 2424 1279 2461 Sic
1301 2422 1349 2461 Il.
1370 2424 1422 2461 X.

82 2481 175 2518 246.
210 2481 325 2519 scrib.
364 2480 495 2531 δαμείῃ
540 2480 680 2529 (Wolf.
717 2479 756 2517 in
795 2478 891 2516 edit.
928 2478 1077 2516 noviss.
1117 2477 1228 2515 dedit
1266 2476 1421 2528 δαμήῃ).

81 2539 122 2573 et
143 2533 221 2572 Od.
251 2535 303 2574 N.
322 2535 417 2573 402.
433 2537 585 2586 φανείῃς
605 2546 637 2573 s.
659 2534 812 2585 φανήῃς.
836 2532 886 2571 G.
907 2532 962 2570 H.
984 2531 1042 2580 S.]
1076 2531 1298 2583 suspicetur
1325 2529 1421 2567 scri·
