1566 2789
108 54 196 97 110

112 175 239 221 τρόπος.
267 176 371 219 τρόπῳ
407 175 580 219 αὐτόχειρι,
617 174 759 216 ἑκουσίῳ,

156 222 274 261 ποιητῷ
289 224 372 253 1037

113 264 260 307 Τυνδαρὶς
276 267 371 297 1526.
385 265 470 296 1580

417 392 457 420 Ὺ.

114 486 132 504 υ
144 478 177 504 et
192 484 209 504 ν
222 472 355 505 confusa
370 475 455 504 1176

116 515 208 557 ὑγεία
222 520 297 549 229.
342 515 460 547 Atticis
489 525 553 546 uon
581 520 760 557 usurpatum

117 602 191 642 ὑγία
206 605 271 635 229

115 645 218 685 ὑγιεία
232 649 296 678 229

116 688 248 728 ὑπάγειν
263 688 307 721 εἷς
322 688 434 721 ἐλπίδα
448 690 532 721 1184

117 732 202 773 ὑπέρ.
246 731 297 763 De
322 731 554 764 constructione
569 729 664 772 hujus
680 739 759 772 prae-

157 774 325 816 positionis
340 778 436 808 1184.
460 774 536 815 ὑπὲρ
550 780 583 806 et
603 773 673 816 περὶ
687 783 761 805 con-

130 838 133 841 >
157 819 228 849 fusa
244 822 327 851 1311

116 861 294 894 ὑπνώσσειν
309 864 371 894 173

119 905 177 935 ὑπὸ
193 904 442 937 subaudiendum
458 907 519 937 491

118 947 317 984 ὑποβάλλειν
331 952 394 980 905

116 991 264 1029 ὑποβολὴ
280 995 343 1023 905

117 1033 272 1074 ὑπόροφος
286 1037 347 1066 147

118 1077 291 1109 ὑποτείνειν
303 1080 367 1109 905

119 1118 297 1154 ὑποτιθέναι
312 1120 426 1153 ἐλπίδα
442 1123 526 1153 1184

424 1250 463 1277 Φ.

120 1330 250 1371 φαίνειν.
295 1328 369 1361 Non
398 1328 533 1359 libenter
560 1329 650 1369 hujus
679 1327 764 1357 verbi

163 1373 312 1404 aoristum
341 1371 513 1403 secundum
541 1372 651 1402 activae
682 1371 764 1400 vocis

161 1415 287 1456 Tragici
312 1420 463 1455 usurpant
492 1417 588 1445 1266.
618 1413 766 1453 φαίνομαι

163 1469 233 1490 cum
251 1458 418 1499 participio
432 1460 496 1489 792

122 1500 334 1543 φαντάζεσθαι
350 1504 432 1533 1263

122 1546 292 1586 φάντασμα
316 1546 392 1576 401.
419 1541 591 1583 φάντασμα
606 1548 639 1573 et
657 1542 768 1583 φάσμα

165 1589 298 1620 confusa
310 1589 374 1618 401

122 1631 234 1671 φάσμα
248 1636 280 1661 et
293 1629 463 1670 φάντασμα
476 1630 606 1660 confusa
619 1631 680 1661 401

125 1674 268 1715 φείδομαι
284 1683 356 1704 cum
370 1673 524 1704 infinitivo
539 1676 600 1704 837

124 1717 226 1759 φόβος
249 1722 281 1748 et
304 1715 400 1755 λόγος
421 1716 553 1747 confusa
575 1717 650 1747 542.
672 1713 770 1754 φόβος

169 1767 202 1792 et
217 1759 311 1801 φόνος
325 1760 454 1790 confusa
469 1762 554 1790 1599

126 1813 243 1842 φοινιος
258 1808 291 1833 et
304 1801 410 1843 φόνιος
422 1802 551 1833 confusa
565 1804 640 1833 962.
656 1803 739 1832 1253

128 1847 238 1886 φοιτὰς
251 1849 315 1877 264

127 1890 233 1928 φόνιος
248 1893 280 1919 et
294 1888 411 1929 φοίνιος
422 1888 552 1918 confusa
564 1889 638 1918 962.
655 1890 739 1919 1253

127 1932 221 1972 φόνος
244 1938 278 1962 et
299 1929 392 1963 πόνος
415 1931 544 1962 confusa
560 1933 656 1962 1559.
678 1928 772 1969 φόνος

172 1982 204 2007 et
219 1974 318 2016 φόβος
333 1974 464 2006 confusa
480 1977 562 2006 1559

556 64 731 98 INDEX
770 63 969 99 GRAECU
982 68 1016 99 S.

803 175 885 219 φρὴν
899 179 975 208 538.
996 168 1170 218 81ηςυ1ωὰ5
1184 181 1218 208 et
1231 176 1362 218 pluralis
1377 176 1407 207 h.
1417 185 1449 206 v.

845 219 970 251 confusi
981 222 1046 251 600

803 264 929 303 φρονεῖν
942 265 1007 295 245

1105 374 1148 403 X.

805 454 937 495 χαίρειν.
951 454 975 486 ὦ
990 456 1094 497 χαῖρε,
1107 459 1168 485 etc.
1182 456 1248 486 470

805 499 892 539 χαρὰ
905 504 937 529 et
951 498 1041 540 χάρις
1055 498 1185 529 confusa
1199 500 1263 529 159

805 541 899 581 χάρις
913 547 945 573 et
958 542 1043 583 χαρὰ
1056 540 1187 572 confusa
1203 543 1267 572 159

806 584 891 626 χείρ.
915 588 1028 628 χερῶν,
1043 583 1151 625 χέρας,
1166 589 1228 615 etc.
1244 584 1340 615 1046.
1356 586 1451 616 1294.

850 631 948 676 1412.
965 632 1062 661 1618.
1083 626 1155 669 χεὶρ
1177 632 1210 658 et
1223 627 1310 667 χθὼν
1324 627 1453 659 confusa

805 714 892 755 χθὼν
906 720 938 745 et
952 714 1023 757 χεὶρ
1038 714 1168 746 confusa
1181 716 1245 746 437

805 757 1007 799 χοιρόκτονος
1020 760 1083 789 823

807 801 908 842 χόλος
922 812 992 833 cum
1006 801 1113 832 dativo
1126 803 1190 832 663

808 844 904 885 χορὸς
919 850 952 875 et
964 844 1064 885 ὄχλος
1078 844 1207 875 confusa
1221 846 1285 876 604

809 887 952 930 χραίνειν
977 889 1059 919 bono
1084 897 1179 918 sensu
1192 898 1202 926 3
1228 886 1306 928 quid
1330 888 1453 929 proprie

811 974 915 1016 χρεία.
960 974 1012 1005 De
1027 973 1258 1005 constructione
1273 974 1305 1004 h.
1322 985 1350 1003 v.
1362 977 1426 1006 659

813 1018 908 1058 χρεώ.
955 1017 1006 1048 De
1023 1018 1255 1048 constructione
1270 1018 1302 1048 h.
1316 1028 1346 1047 v.
1362 1020 1427 1048 659

813 1060 888 1102 χρή.
933 1060 986 1091 De
1013 1060 1250 1091 constructione
1278 1061 1311 1090 h.
1338 1071 1367 1091 v.
1392 1063 1456 1091 659

857 1104 922 1145 χρὴ
937 1110 969 1134 et
986 1105 1035 1135 δεῖ
1047 1104 1177 1134 confusa
1190 1106 1264 1134 557.
1281 1106 1357 1136 658.
1373 1105 1457 1136 1072

813 1148 920 1188 χρῆμα
934 1152 966 1177 et
978 1148 1108 1187 πρᾶγμα
1120 1147 1250 1178 confusa
1263 1149 1325 1179 747

812 1190 905 1231 χρόα,
921 1189 1014 1230 χροιὰ
1030 1193 1110 1221 1311

811 1234 897 1273 χροῒ,
913 1233 1018 1273 χροὸς,
1034 1233 1133 1273 χρωτὶ
1147 1237 1210 1265 297

812 1276 922 1318 χρωτὶ,
939 1277 1022 1316 χροῒ,
1038 1276 1134 1317 χροὸς
1151 1279 1213 1309 297

1110 1389 1151 1416 Ψ.

812 1470 927 1510 ψοφεῖν
942 1475 972 1499 ct
988 1470 1116 1501 κτυπεῖν
1131 1469 1261 1500 confusa
1275 1472 1334 1502 141

1116 1590 1153 1617 Ω.

816 1683 839 1700 ω
855 1676 887 1700 et
902 1682 938 1701 ου
952 1680 990 1700 an
1006 1671 1090 1711 apud
1107 1670 1290 1712 Euripidem
1316 1682 1370 1713 per
1392 1683 1458 1704 cra—

858 1715 904 1744 sin
920 1714 1097 1744 coalescant
1110 1716 1173 1745 483

814 1756 837 1786 ὢ
854 1760 915 1788 160

815 1801 867 1830 ὡς.
892 1799 1092 1830 Constructio
1119 1800 1149 1829 h.
1176 1810 1206 1830 v.
1225 1802 1300 1832 466.
1325 1802 1364 1833 ὡς
1386 1802 1406 1833 i.
1428 1813 1458 1843 q.

860 1842 909 1873 ὅτι
924 1843 1021 1874 οὕτως
1034 1845 1098 1874 793

816 1886 898 1917 ὥστε
913 1885 1161 1916 subaudiendum
1182 1891 1255 1916 ante
1271 1886 1457 1918 infinitivum

858 1931 921 1960 387

817 1971 963 2011 ὠφελεῖν.
994 1972 1046 2003 De
1063 1971 1291 2004 constructione
1307 1973 1338 2004 b.
1353 1985 1381 2005 v.
1397 1977 1460 2007 793
