<?xml version="1.0" encoding="UTF-8"?>
<!DOCTYPE html PUBLIC "-//W3C//DTD XHTML 1.0 Transitional//EN"
    "http://www.w3.org/TR/xhtml1/DTD/xhtml1-transitional.dtd">
<html xmlns="http://www.w3.org/1999/xhtml" xml:lang="en" lang="en">
 <head>
  <title>
</title>
<meta http-equiv="Content-Type" content="text/html;charset=utf-8" />
  <meta name='ocr-system' content='tesseract 3.04.00' />
  <meta name='ocr-capabilities' content='ocr_page ocr_carea ocr_par ocr_line ocrx_word'/>
</head>
<body>
  <div class='ocr_page' id='page_1' title='image "./hecubaorestesph00euriuoft_0768.png"; bbox 0 0 1566 2789; ppageno 0'>
   <div class='ocr_carea' id='block_1_1' title="bbox 124 101 198 151">
    <p class='ocr_par' dir='ltr' id='par_1_1' title="bbox 124 101 198 151">
     <span class='ocr_line' id='line_1_1' title="bbox 124 101 198 151; baseline 0 0"><span class='ocrx_word' id='word_1_1' title='bbox 124 101 198 151; x_wconf 83' lang='lat'>54</span> 
     </span>
    </p>
   </div>
   <div class='ocr_carea' id='block_1_2' title="bbox 533 104 1036 154">
    <p class='ocr_par' dir='ltr' id='par_1_2' title="bbox 533 104 1036 154">
     <span class='ocr_line' id='line_1_2' title="bbox 533 104 1036 154; baseline 0.004 -3"><span class='ocrx_word' id='word_1_2' title='bbox 533 104 1036 154; x_wconf 74' lang='grc' dir='ltr'><strong>ΕΥΡΙΠΙΔΟΥ</strong></span> 
     </span>
    </p>
   </div>
   <div class='ocr_carea' id='block_1_3' title="bbox 127 236 1289 314">
    <p class='ocr_par' dir='ltr' id='par_1_3' title="bbox 127 236 1289 314">
     <span class='ocr_line' id='line_1_3' title="bbox 127 236 1289 314; baseline 0.003 -24"><span class='ocrx_word' id='word_1_3' title='bbox 127 243 225 300; x_wconf 71' lang='lat' dir='ltr'>Mn.</span> <span class='ocrx_word' id='word_1_4' title='bbox 253 236 361 309; x_wconf 67' lang='grc' dir='ltr'>ὄμνυ</span> <span class='ocrx_word' id='word_1_5' title='bbox 387 237 511 291; x_wconf 72' lang='grc' dir='ltr'>πέδον</span> <span class='ocrx_word' id='word_1_6' title='bbox 539 244 675 306; x_wconf 62' lang='grc' dir='ltr'>γῆς,</span> <span class='ocrx_word' id='word_1_7' title='bbox 660 239 836 312; x_wconf 64' lang='grc' dir='ltr'>παπ-ἕξοι</span> <span class='ocrx_word' id='word_1_8' title='bbox 865 243 904 292; x_wconf 79' lang='grc' dir='ltr'>θ’</span> <span class='ocrx_word' id='word_1_9' title='bbox 925 241 1094 294; x_wconf 43' lang='grc' dir='ltr'>(Ἠλιον</span> <span class='ocrx_word' id='word_1_10' title='bbox 1121 241 1289 314; x_wconf 47' lang='lat' dir='ltr'>marg&amp;</span> 
     </span>
    </p>
   </div>
   <div class='ocr_carea' id='block_1_4' title="bbox 200 314 1123 382">
    <p class='ocr_par' dir='ltr' id='par_1_4' title="bbox 200 314 1123 382">
     <span class='ocr_line' id='line_1_4' title="bbox 200 314 1123 382; baseline 0.001 -16"><span class='ocrx_word' id='word_1_11' title='bbox 200 314 378 382; x_wconf 75' lang='grc' dir='ltr'>τουμοῧ,</span> <span class='ocrx_word' id='word_1_12' title='bbox 406 316 500 365; x_wconf 67' lang='grc' dir='ltr'>θεῶν</span> <span class='ocrx_word' id='word_1_13' title='bbox 528 337 574 365; x_wconf 79' lang='grc' dir='ltr'>τε</span> <span class='ocrx_word' id='word_1_14' title='bbox 603 316 863 374; x_wconf 64' lang='grc' dir='ltr'>συντιθεὶς’</span> <span class='ocrx_word' id='word_1_15' title='bbox 838 315 961 366; x_wconf 69' lang='grc' dir='ltr'>α’ποιν</span> <span class='ocrx_word' id='word_1_16' title='bbox 989 314 1123 381; x_wconf 68' lang='grc' dir='ltr'>γένος.</span> 
     </span>
    </p>
   </div>
   <div class='ocr_carea' id='block_1_5' title="bbox 1354 328 1441 370">
    <p class='ocr_par' dir='ltr' id='par_1_5' title="bbox 1354 328 1441 370">
     <span class='ocr_line' id='line_1_5' title="bbox 1354 328 1441 370; baseline -0.046 0"><span class='ocrx_word' id='word_1_17' title='bbox 1354 328 1441 370; x_wconf 69' lang='grc'>745</span> 
     </span>
    </p>
   </div>
   <div class='ocr_carea' id='block_1_6' title="bbox 127 387 1298 683">
    <p class='ocr_par' dir='ltr' id='par_1_6' title="bbox 127 387 1290 609">
     <span class='ocr_line' id='line_1_6' title="bbox 127 387 1290 477; baseline 0.001 -37"><span class='ocrx_word' id='word_1_18' title='bbox 127 392 208 440; x_wconf 83' lang='grc' dir='ltr'>Αι.</span> <span class='ocrx_word' id='word_1_19' title='bbox 238 412 280 440; x_wconf 79' lang='grc' dir='ltr'>τι</span> <span class='ocrx_word' id='word_1_20' title='bbox 307 411 473 459; x_wconf 66' lang='grc' dir='ltr'>χξηαα</span> <span class='ocrx_word' id='word_1_21' title='bbox 483 387 735 477; x_wconf 67' lang='grc' dir='ltr'>ὂξάο-ειν,</span> <span class='ocrx_word' id='word_1_22' title='bbox 716 414 737 447; x_wconf 81' lang='grc' dir='ltr'><em>η</em></span> <span class='ocrx_word' id='word_1_23' title='bbox 766 390 812 440; x_wconf 77' lang='grc' dir='ltr'>τί</span> <span class='ocrx_word' id='word_1_24' title='bbox 834 390 898 457; x_wconf 70' lang='grc' dir='ltr'>μὴ</span> <span class='ocrx_word' id='word_1_25' title='bbox 930 389 1132 460; x_wconf 55' lang='grc' dir='ltr'>ὂςάσειη</span> <span class='ocrx_word' id='word_1_26' title='bbox 1164 388 1290 455; x_wconf 72' lang='grc' dir='ltr'>λέγε.</span> 
     </span>
     <span class='ocr_line' id='line_1_7' title="bbox 128 459 1298 531; baseline 0.002 -18"><span class='ocrx_word' id='word_1_27' title='bbox 128 466 226 523; x_wconf 77' lang='grc' dir='ltr'>Μη.</span> <span class='ocrx_word' id='word_1_28' title='bbox 253 464 358 531; x_wconf 66' lang='grc' dir='ltr'>μήτ’</span> <span class='ocrx_word' id='word_1_29' title='bbox 388 459 522 520; x_wconf 72' lang='grc' dir='ltr'>αὐτος</span> <span class='ocrx_word' id='word_1_30' title='bbox 551 463 599 513; x_wconf 71' lang='grc' dir='ltr'>ἐκ</span> <span class='ocrx_word' id='word_1_31' title='bbox 628 487 710 528; x_wconf 67' lang='grc' dir='ltr'>’γης</span> <span class='ocrx_word' id='word_1_32' title='bbox 732 467 808 522; x_wconf 69' lang='grc' dir='ltr'>σῆς</span> <span class='ocrx_word' id='word_1_33' title='bbox 837 461 904 531; x_wconf 69' lang='grc' dir='ltr'>’ἔμ’</span> <span class='ocrx_word' id='word_1_34' title='bbox 937 464 1155 526; x_wconf 73' lang='grc' dir='ltr'>ἐκβαλεῖν</span> <span class='ocrx_word' id='word_1_35' title='bbox 1181 488 1298 524; x_wconf 70' lang='grc' dir='ltr'>ποτε,</span> 
     </span>
     <span class='ocr_line' id='line_1_8' title="bbox 198 534 1242 609; baseline 0.002 -23"><span class='ocrx_word' id='word_1_36' title='bbox 198 537 317 606; x_wconf 57' lang='lat' dir='ltr'>(miv-⁵,</span> <span class='ocrx_word' id='word_1_37' title='bbox 346 534 494 594; x_wconf 78' lang='grc' dir='ltr'>αλλος</span> <span class='ocrx_word' id='word_1_38' title='bbox 523 561 567 592; x_wconf 76' lang='grc' dir='ltr'>ην</span> <span class='ocrx_word' id='word_1_39' title='bbox 594 561 658 595; x_wconf 81' lang='grc' dir='ltr'>τις</span> <span class='ocrx_word' id='word_1_40' title='bbox 687 538 762 588; x_wconf 72' lang='grc' dir='ltr'>τῶν</span> <span class='ocrx_word' id='word_1_41' title='bbox 792 538 899 605; x_wconf 68' lang='grc' dir='ltr'>ἐμῶν</span> <span class='ocrx_word' id='word_1_42' title='bbox 928 538 1086 609; x_wconf 62' lang='grc' dir='ltr'>εχθξῶν</span> <span class='ocrx_word' id='word_1_43' title='bbox 1114 537 1242 602; x_wconf 65' lang='grc' dir='ltr'>οἴγειν</span> 
     </span>
    </p>

    <p class='ocr_par' dir='ltr' id='par_1_7' title="bbox 201 610 1086 683">
     <span class='ocr_line' id='line_1_9' title="bbox 201 610 1086 683; baseline 0.001 -23"><span class='ocrx_word' id='word_1_44' title='bbox 201 610 362 681; x_wconf 70' lang='grc' dir='ltr'><em>χξηζῃ,</em></span> <span class='ocrx_word' id='word_1_45' title='bbox 388 611 590 678; x_wconf 62' lang='grc' dir='ltr'>μεθήσειν</span> <span class='ocrx_word' id='word_1_46' title='bbox 620 612 736 681; x_wconf 72' lang='grc' dir='ltr'>ζῶν</span> <span class='ocrx_word' id='word_1_47' title='bbox 725 611 904 663; x_wconf 60' lang='lat' dir='ltr'>§novo-fo)</span> <span class='ocrx_word' id='word_1_48' title='bbox 930 636 1086 683; x_wconf 59' lang='lat' dir='ltr'>‘teon-qo.</span> 
     </span>
    </p>
   </div>
   <div class='ocr_carea' id='block_1_7' title="bbox 126 682 1193 753">
    <p class='ocr_par' dir='ltr' id='par_1_8' title="bbox 126 682 1193 753">
     <span class='ocr_line' id='line_1_10' title="bbox 126 682 1193 753; baseline 0.001 -18"><span class='ocrx_word' id='word_1_49' title='bbox 126 688 209 736; x_wconf 78' lang='lat' dir='ltr'>Ac.</span> <span class='ocrx_word' id='word_1_50' title='bbox 238 682 401 753; x_wconf 72' lang='grc' dir='ltr'>ὄμνυμι</span> <span class='ocrx_word' id='word_1_51' title='bbox 431 690 582 749; x_wconf 70' lang='grc' dir='ltr'>γαῖαν,</span> <span class='ocrx_word' id='word_1_52' title='bbox 607 685 842 737; x_wconf 52' lang='lat' dir='ltr'>‘chovel</span> <span class='ocrx_word' id='word_1_53' title='bbox 875 684 1007 750; x_wconf 64' lang='grc' dir='ltr'>ἄγνον</span> <span class='ocrx_word' id='word_1_54' title='bbox 1034 685 1193 749; x_wconf 70' lang='grc' dir='ltr'>σεβας,</span> 
     </span>
    </p>
   </div>
   <div class='ocr_carea' id='block_1_8' title="bbox 115 820 767 2695">
    <p class='ocr_par' dir='ltr' id='par_1_9' title="bbox 122 820 765 938">
     <span class='ocr_line' id='line_1_11' title="bbox 123 820 765 862; baseline -0.002 -9"><span class='ocrx_word' id='word_1_55' title='bbox 123 823 169 853; x_wconf 83' lang='lat' dir='ltr'>ita</span> <span class='ocrx_word' id='word_1_56' title='bbox 191 821 353 862; x_wconf 80' lang='lat' dir='ltr'><strong>pervertit,</strong></span> <span class='ocrx_word' id='word_1_57' title='bbox 377 826 413 850; x_wconf 89' lang='lat' dir='ltr'>ut</span> <span class='ocrx_word' id='word_1_58' title='bbox 435 820 528 851; x_wconf 86' lang='lat' dir='ltr'>facile</span> <span class='ocrx_word' id='word_1_59' title='bbox 550 821 669 858; x_wconf 83' lang='lat' dir='ltr'>videas,</span> <span class='ocrx_word' id='word_1_60' title='bbox 692 832 765 853; x_wconf 88' lang='lat' dir='ltr'>eum</span> 
     </span>
     <span class='ocr_line' id='line_1_12' title="bbox 122 863 765 905; baseline -0.002 -9"><span class='ocrx_word' id='word_1_61' title='bbox 122 865 160 896; x_wconf 75' lang='grc' dir='ltr'>τὸ</span> <span class='ocrx_word' id='word_1_62' title='bbox 183 864 240 896; x_wconf 84' lang='grc' dir='ltr'>σὸν</span> <span class='ocrx_word' id='word_1_63' title='bbox 264 865 288 895; x_wconf 81' lang='grc' dir='ltr'>δ’</span> <span class='ocrx_word' id='word_1_64' title='bbox 312 863 403 905; x_wconf 77' lang='grc' dir='ltr'>ἄραρε</span> <span class='ocrx_word' id='word_1_65' title='bbox 417 863 449 894; x_wconf 83' lang='grc'>111</span> <span class='ocrx_word' id='word_1_66' title='bbox 465 865 633 905; x_wconf 84' lang='lat' dir='ltr'>exemplari</span> <span class='ocrx_word' id='word_1_67' title='bbox 647 875 702 895; x_wconf 87' lang='lat' dir='ltr'>suo</span> <span class='ocrx_word' id='word_1_68' title='bbox 716 866 765 896; x_wconf 91' lang='lat' dir='ltr'>in-</span> 
     </span>
     <span class='ocr_line' id='line_1_13' title="bbox 123 907 261 938; baseline 0.008 -2"><span class='ocrx_word' id='word_1_69' title='bbox 123 907 261 938; x_wconf 83' lang='lat' dir='ltr'>venisse.</span> 
     </span>
    </p>

    <p class='ocr_par' dir='ltr' id='par_1_10' title="bbox 119 949 767 2315">
     <span class='ocr_line' id='line_1_14' title="bbox 169 949 767 990; baseline 0.003 -11"><span class='ocrx_word' id='word_1_70' title='bbox 169 953 243 982; x_wconf 84' lang='grc'>744.</span> <span class='ocrx_word' id='word_1_71' title='bbox 279 949 406 979; x_wconf 82' lang='lat' dir='ltr'>Medeae</span> <span class='ocrx_word' id='word_1_72' title='bbox 448 960 615 990; x_wconf 73' lang='lat' dir='ltr'>pelsona‘m</span> <span class='ocrx_word' id='word_1_73' title='bbox 651 950 767 981; x_wconf 71' lang='lat' dir='ltr'>omittit</span> 
     </span>
     <span class='ocr_line' id='line_1_15' title="bbox 125 992 763 1034; baseline 0 -11"><span class='ocrx_word' id='word_1_74' title='bbox 125 993 217 1023; x_wconf 86' lang='lat' dir='ltr'>Lasc.</span> <span class='ocrx_word' id='word_1_75' title='bbox 234 992 326 1031; x_wconf 81' lang='grc' dir='ltr'>ὄμνυε</span> <span class='ocrx_word' id='word_1_76' title='bbox 341 993 432 1022; x_wconf 81' lang='lat' dir='ltr'>Lasc.</span> <span class='ocrx_word' id='word_1_77' title='bbox 446 993 530 1033; x_wconf 91' lang='lat' dir='ltr'>quod</span> <span class='ocrx_word' id='word_1_78' title='bbox 546 999 679 1023; x_wconf 86' lang='lat' dir='ltr'>metrum</span> <span class='ocrx_word' id='word_1_79' title='bbox 695 994 763 1034; x_wconf 86' lang='lat' dir='ltr'>qui-</span> 
     </span>
     <span class='ocr_line' id='line_1_16' title="bbox 125 1036 765 1076; baseline 0 -11"><span class='ocrx_word' id='word_1_80' title='bbox 125 1037 199 1066; x_wconf 85' lang='lat' dir='ltr'>dem</span> <span class='ocrx_word' id='word_1_81' title='bbox 213 1046 277 1066; x_wconf 87' lang='lat' dir='ltr'>nou</span> <span class='ocrx_word' id='word_1_82' title='bbox 294 1036 473 1075; x_wconf 78' lang='lat' dir='ltr'>corlumpit,</span> <span class='ocrx_word' id='word_1_83' title='bbox 496 1046 670 1076; x_wconf 80' lang='lat' dir='ltr'>quanquam</span> <span class='ocrx_word' id='word_1_84' title='bbox 687 1037 765 1067; x_wconf 70' lang='lat' dir='ltr'>alte-</span> 
     </span>
     <span class='ocr_line' id='line_1_17' title="bbox 124 1079 765 1119; baseline -0.002 -10"><span class='ocrx_word' id='word_1_85' title='bbox 124 1088 191 1109; x_wconf 88' lang='lat' dir='ltr'>rum</span> <span class='ocrx_word' id='word_1_86' title='bbox 209 1079 258 1109; x_wconf 88' lang='lat' dir='ltr'>vel</span> <span class='ocrx_word' id='word_1_87' title='bbox 276 1079 308 1108; x_wconf 88' lang='lat' dir='ltr'>in</span> <span class='ocrx_word' id='word_1_88' title='bbox 331 1079 387 1108; x_wconf 83' lang='lat' dir='ltr'>hac</span> <span class='ocrx_word' id='word_1_89' title='bbox 410 1084 497 1118; x_wconf 85' lang='lat' dir='ltr'>parte</span> <span class='ocrx_word' id='word_1_90' title='bbox 523 1084 658 1119; x_wconf 66' lang='lat' dir='ltr'>prazstat.</span> <span class='ocrx_word' id='word_1_91' title='bbox 703 1079 765 1109; x_wconf 84' lang='lat' dir='ltr'>Sed</span> 
     </span>
     <span class='ocr_line' id='line_1_18' title="bbox 122 1120 764 1161; baseline 0 -10"><span class='ocrx_word' id='word_1_92' title='bbox 122 1122 157 1151; x_wconf 87' lang='lat' dir='ltr'>in</span> <span class='ocrx_word' id='word_1_93' title='bbox 171 1121 307 1151; x_wconf 85' lang='lat' dir='ltr'>tironum</span> <span class='ocrx_word' id='word_1_94' title='bbox 322 1120 449 1161; x_wconf 79' lang='lat' dir='ltr'>gratiam</span> <span class='ocrx_word' id='word_1_95' title='bbox 466 1122 692 1151; x_wconf 80' lang='lat' dir='ltr'>observandum</span> <span class='ocrx_word' id='word_1_96' title='bbox 708 1128 764 1157; x_wconf 79' lang='lat' dir='ltr'>est,</span> 
     </span>
     <span class='ocr_line' id='line_1_19' title="bbox 124 1163 765 1204; baseline 0.002 -10"><span class='ocrx_word' id='word_1_97' title='bbox 124 1164 184 1194; x_wconf 84' lang='lat' dir='ltr'>hac</span> <span class='ocrx_word' id='word_1_98' title='bbox 199 1164 308 1199; x_wconf 82' lang='lat' dir='ltr'>forma,</span> <span class='ocrx_word' id='word_1_99' title='bbox 325 1174 362 1194; x_wconf 71' lang='lat' dir='ltr'>ea</span> <span class='ocrx_word' id='word_1_100' title='bbox 375 1174 502 1204; x_wconf 81' lang='lat' dir='ltr'>nempe,</span> <span class='ocrx_word' id='word_1_101' title='bbox 519 1165 572 1194; x_wconf 88' lang='lat' dir='ltr'>ubi</span> <span class='ocrx_word' id='word_1_102' title='bbox 589 1163 630 1194; x_wconf 86' lang='grc' dir='ltr'>ύω</span> <span class='ocrx_word' id='word_1_103' title='bbox 643 1174 698 1203; x_wconf 87' lang='lat' dir='ltr'>pro</span> <span class='ocrx_word' id='word_1_104' title='bbox 715 1177 765 1203; x_wconf 87' lang='grc' dir='ltr'>υμι</span> 
     </span>
     <span class='ocr_line' id='line_1_20' title="bbox 124 1206 764 1247; baseline 0.002 -12"><span class='ocrx_word' id='word_1_105' title='bbox 124 1206 156 1236; x_wconf 88' lang='lat' dir='ltr'>in</span> <span class='ocrx_word' id='word_1_106' title='bbox 183 1206 244 1237; x_wconf 88' lang='lat' dir='ltr'>fine</span> <span class='ocrx_word' id='word_1_107' title='bbox 271 1207 356 1236; x_wconf 78' lang='lat' dir='ltr'>verbi</span> <span class='ocrx_word' id='word_1_108' title='bbox 382 1207 520 1246; x_wconf 86' lang='lat' dir='ltr'>ponitur,</span> <span class='ocrx_word' id='word_1_109' title='bbox 544 1217 701 1247; x_wconf 81' lang='lat' dir='ltr'>nunquam</span> <span class='ocrx_word' id='word_1_110' title='bbox 720 1208 764 1236; x_wconf 85' lang='lat' dir='ltr'>uti</span> 
     </span>
     <span class='ocr_line' id='line_1_21' title="bbox 123 1249 764 1289; baseline 0.002 -11"><span class='ocrx_word' id='word_1_111' title='bbox 123 1249 275 1289; x_wconf 78' lang='lat' dir='ltr'>tragicos3</span> <span class='ocrx_word' id='word_1_112' title='bbox 299 1249 457 1279; x_wconf 81' lang='lat' dir='ltr'>rarissime</span> <span class='ocrx_word' id='word_1_113' title='bbox 473 1255 593 1280; x_wconf 80' lang='lat' dir='ltr'>veteres</span> <span class='ocrx_word' id='word_1_114' title='bbox 610 1250 764 1287; x_wconf 75' lang='lat' dir='ltr'>comicos3</span> 
     </span>
     <span class='ocr_line' id='line_1_22' title="bbox 124 1291 764 1331; baseline 0.002 -10"><span class='ocrx_word' id='word_1_115' title='bbox 124 1292 236 1331; x_wconf 64' lang='lat' dir='ltr'>saepius</span> <span class='ocrx_word' id='word_1_116' title='bbox 260 1291 383 1326; x_wconf 64' lang='lat' dir='ltr'>mediae,</span> <span class='ocrx_word' id='word_1_117' title='bbox 410 1292 581 1331; x_wconf 62' lang='lat' dir='ltr'>saepissime</span> <span class='ocrx_word' id='word_1_118' title='bbox 602 1303 691 1323; x_wconf 74' lang='lat' dir='ltr'>nova:</span> <span class='ocrx_word' id='word_1_119' title='bbox 712 1303 764 1322; x_wconf 74' lang='lat' dir='ltr'>co-</span> 
     </span>
     <span class='ocr_line' id='line_1_23' title="bbox 122 1333 765 1374; baseline 0.003 -12"><span class='ocrx_word' id='word_1_120' title='bbox 122 1335 244 1363; x_wconf 76' lang='lat' dir='ltr'>moediae</span> <span class='ocrx_word' id='word_1_121' title='bbox 267 1333 388 1374; x_wconf 69' lang='lat' dir='ltr'>poetas.</span> <span class='ocrx_word' id='word_1_122' title='bbox 433 1334 603 1364; x_wconf 77' lang='lat' dir='ltr'>Paullatim</span> <span class='ocrx_word' id='word_1_123' title='bbox 626 1342 658 1364; x_wconf 82' lang='lat' dir='ltr'>et</span> <span class='ocrx_word' id='word_1_124' title='bbox 673 1345 765 1374; x_wconf 80' lang='lat' dir='ltr'>parce</span> 
     </span>
     <span class='ocr_line' id='line_1_24' title="bbox 124 1375 763 1416; baseline 0.003 -11"><span class='ocrx_word' id='word_1_125' title='bbox 124 1375 266 1406; x_wconf 77' lang='lat' dir='ltr'>adhiberi</span> <span class='ocrx_word' id='word_1_126' title='bbox 283 1383 386 1416; x_wconf 67' lang='lat' dir='ltr'>coepta</span> <span class='ocrx_word' id='word_1_127' title='bbox 401 1382 449 1406; x_wconf 83' lang='lat' dir='ltr'>est</span> <span class='ocrx_word' id='word_1_128' title='bbox 464 1377 519 1406; x_wconf 86' lang='lat' dir='ltr'>sub</span> <span class='ocrx_word' id='word_1_129' title='bbox 543 1378 678 1407; x_wconf 80' lang='lat' dir='ltr'>mediam</span> <span class='ocrx_word' id='word_1_130' title='bbox 700 1378 763 1407; x_wconf 83' lang='lat' dir='ltr'>fere</span> 
     </span>
     <span class='ocr_line' id='line_1_25' title="bbox 122 1418 764 1459; baseline 0.003 -11"><span class='ocrx_word' id='word_1_131' title='bbox 122 1418 340 1459; x_wconf 77' lang='lat' dir='ltr'>Aristophanis</span> <span class='ocrx_word' id='word_1_132' title='bbox 364 1424 510 1456; x_wconf 78' lang='lat' dir='ltr'>aetaten13</span> <span class='ocrx_word' id='word_1_133' title='bbox 533 1426 653 1450; x_wconf 80' lang='lat' dir='ltr'>tanturn</span> <span class='ocrx_word' id='word_1_134' title='bbox 680 1421 764 1450; x_wconf 82' lang='lat' dir='ltr'>enim</span> 
     </span>
     <span class='ocr_line' id='line_1_26' title="bbox 121 1460 764 1502; baseline 0.005 -12"><span class='ocrx_word' id='word_1_135' title='bbox 121 1462 256 1492; x_wconf 85' lang='lat' dir='ltr'>occurrit</span> <span class='ocrx_word' id='word_1_136' title='bbox 277 1460 374 1502; x_wconf 80' lang='grc' dir='ltr'>ὀμνύῃ</span> <span class='ocrx_word' id='word_1_137' title='bbox 398 1461 460 1491; x_wconf 80' lang='grc' dir='ltr'>Λν.</span> <span class='ocrx_word' id='word_1_138' title='bbox 481 1465 576 1493; x_wconf 96' lang='grc'>1610.</span> <span class='ocrx_word' id='word_1_139' title='bbox 605 1475 764 1502; x_wconf 82' lang='grc' dir='ltr'>συμπαρα-</span> 
     </span>
     <span class='ocr_line' id='line_1_27' title="bbox 120 1504 763 1546; baseline 0.002 -12"><span class='ocrx_word' id='word_1_140' title='bbox 120 1504 258 1542; x_wconf 66' lang='grc' dir='ltr'>μιγνύων</span> <span class='ocrx_word' id='word_1_141' title='bbox 282 1505 314 1535; x_wconf 86' lang='lat' dir='ltr'>in</span> <span class='ocrx_word' id='word_1_142' title='bbox 338 1505 450 1535; x_wconf 82' lang='lat' dir='ltr'>ultima</span> <span class='ocrx_word' id='word_1_143' title='bbox 467 1505 532 1546; x_wconf 85' lang='lat' dir='ltr'>ejus</span> <span class='ocrx_word' id='word_1_144' title='bbox 548 1505 652 1535; x_wconf 78' lang='lat' dir='ltr'>fabula</span> <span class='ocrx_word' id='word_1_145' title='bbox 669 1506 763 1535; x_wconf 86' lang='lat' dir='ltr'>Pluto</span> 
     </span>
     <span class='ocr_line' id='line_1_28' title="bbox 120 1548 762 1587; baseline 0.002 -10"><span class='ocrx_word' id='word_1_146' title='bbox 120 1549 194 1579; x_wconf 90' lang='grc'>719.</span> <span class='ocrx_word' id='word_1_147' title='bbox 242 1548 357 1579; x_wconf 86' lang='lat' dir='ltr'>Cetera</span> <span class='ocrx_word' id='word_1_148' title='bbox 368 1548 510 1584; x_wconf 87' lang='lat' dir='ltr'>loca‚ubi</span> <span class='ocrx_word' id='word_1_149' title='bbox 524 1549 663 1587; x_wconf 79' lang='lat' dir='ltr'>usurpari</span> <span class='ocrx_word' id='word_1_150' title='bbox 680 1549 762 1578; x_wconf 84' lang='lat' dir='ltr'>vide-</span> 
     </span>
     <span class='ocr_line' id='line_1_29' title="bbox 119 1590 761 1626; baseline 0.003 -8"><span class='ocrx_word' id='word_1_151' title='bbox 119 1595 178 1625; x_wconf 84' lang='lat' dir='ltr'>tur,</span> <span class='ocrx_word' id='word_1_152' title='bbox 203 1596 257 1621; x_wconf 87' lang='lat' dir='ltr'>aut</span> <span class='ocrx_word' id='word_1_153' title='bbox 279 1590 444 1620; x_wconf 74' lang='lat' dir='ltr'>emendata</span> <span class='ocrx_word' id='word_1_154' title='bbox 469 1596 554 1626; x_wconf 84' lang='lat' dir='ltr'>sunt,</span> <span class='ocrx_word' id='word_1_155' title='bbox 577 1597 630 1620; x_wconf 77' lang='lat' dir='ltr'>aut</span> <span class='ocrx_word' id='word_1_156' title='bbox 656 1601 761 1621; x_wconf 83' lang='lat' dir='ltr'>emen</span> 
     </span>
     <span class='ocr_line' id='line_1_30' title="bbox 119 1632 762 1672; baseline 0.003 -11"><span class='ocrx_word' id='word_1_157' title='bbox 119 1632 233 1663; x_wconf 80' lang='lat' dir='ltr'>danda.</span> <span class='ocrx_word' id='word_1_158' title='bbox 259 1632 427 1671; x_wconf 80' lang='grc' dir='ltr'>καταγνύει</span> <span class='ocrx_word' id='word_1_159' title='bbox 451 1639 483 1663; x_wconf 86' lang='lat' dir='ltr'>et</span> <span class='ocrx_word' id='word_1_160' title='bbox 509 1632 665 1672; x_wconf 80' lang='grc' dir='ltr'>κεραννύει</span> <span class='ocrx_word' id='word_1_161' title='bbox 695 1634 762 1663; x_wconf 79' lang='lat' dir='ltr'>red-</span> 
     </span>
     <span class='ocr_line' id='line_1_31' title="bbox 119 1675 763 1716; baseline 0.003 -12"><span class='ocrx_word' id='word_1_162' title='bbox 119 1675 223 1705; x_wconf 82' lang='lat' dir='ltr'>denda</span> <span class='ocrx_word' id='word_1_163' title='bbox 238 1675 364 1706; x_wconf 89' lang='lat' dir='ltr'>Eubulo</span> <span class='ocrx_word' id='word_1_164' title='bbox 380 1681 412 1705; x_wconf 85' lang='lat' dir='ltr'>et</span> <span class='ocrx_word' id='word_1_165' title='bbox 426 1675 600 1716; x_wconf 83' lang='lat' dir='ltr'>Theophilo</span> <span class='ocrx_word' id='word_1_166' title='bbox 617 1676 763 1706; x_wconf 79' lang='lat' dir='ltr'>Athenaei</span> 
     </span>
     <span class='ocr_line' id='line_1_32' title="bbox 122 1718 762 1758; baseline 0.003 -12"><span class='ocrx_word' id='word_1_167' title='bbox 122 1727 152 1747; x_wconf 81' lang='lat' dir='ltr'>x.</span> <span class='ocrx_word' id='word_1_168' title='bbox 166 1729 197 1758; x_wconf 86' lang='lat' dir='ltr'>p.</span> <span class='ocrx_word' id='word_1_169' title='bbox 212 1721 285 1750; x_wconf 81' lang='lat'>450.</span> <span class='ocrx_word' id='word_1_170' title='bbox 304 1718 344 1748; x_wconf 88' lang='lat' dir='ltr'>A.</span> <span class='ocrx_word' id='word_1_171' title='bbox 356 1718 398 1747; x_wconf 81' lang='lat' dir='ltr'>xi</span> <span class='ocrx_word' id='word_1_172' title='bbox 411 1728 442 1758; x_wconf 87' lang='lat' dir='ltr'>p.</span> <span class='ocrx_word' id='word_1_173' title='bbox 454 1721 528 1748; x_wconf 81' lang='grc'>472.</span> <span class='ocrx_word' id='word_1_174' title='bbox 544 1718 587 1749; x_wconf 90' lang='lat' dir='ltr'>D.</span> <span class='ocrx_word' id='word_1_175' title='bbox 613 1718 762 1758; x_wconf 81' lang='lat' dir='ltr'>[Thomas</span> 
     </span>
     <span class='ocr_line' id='line_1_33' title="bbox 120 1759 761 1813; baseline 0.002 -23"><span class='ocrx_word' id='word_1_176' title='bbox 120 1760 209 1801; x_wconf 83' lang='lat' dir='ltr'>Mag.</span> <span class='ocrx_word' id='word_1_177' title='bbox 225 1772 256 1801; x_wconf 85' lang='lat' dir='ltr'>p.</span> <span class='ocrx_word' id='word_1_178' title='bbox 272 1764 347 1792; x_wconf 75' lang='lat'>229.</span> <span class='ocrx_word' id='word_1_179' title='bbox 371 1759 501 1813; x_wconf 56' lang='lat' dir='ltr'>’&#39;Iere‘om</span> <span class='ocrx_word' id='word_1_180' title='bbox 526 1760 572 1791; x_wconf 82' lang='grc' dir='ltr'>ὅτι</span> <span class='ocrx_word' id='word_1_181' title='bbox 588 1760 761 1802; x_wconf 80' lang='grc' dir='ltr'>ἡτετάρτη</span> 
     </span>
     <span class='ocr_line' id='line_1_34' title="bbox 122 1801 761 1844; baseline 0.002 -10"><span class='ocrx_word' id='word_1_182' title='bbox 122 1801 256 1842; x_wconf 74' lang='grc' dir='ltr'>συζυγία</span> <span class='ocrx_word' id='word_1_183' title='bbox 274 1805 337 1834; x_wconf 80' lang='grc' dir='ltr'>τῶν</span> <span class='ocrx_word' id='word_1_184' title='bbox 360 1802 402 1834; x_wconf 75' lang='grc' dir='ltr'>εἷς</span> <span class='ocrx_word' id='word_1_185' title='bbox 423 1815 455 1841; x_wconf 91' lang='grc' dir='ltr'>μι</span> <span class='ocrx_word' id='word_1_186' title='bbox 476 1803 681 1844; x_wconf 83' lang='grc' dir='ltr'>προτιμοτέρα</span> <span class='ocrx_word' id='word_1_187' title='bbox 695 1806 761 1836; x_wconf 80' lang='grc' dir='ltr'>τοῖς</span> 
     </span>
     <span class='ocr_line' id='line_1_35' title="bbox 120 1844 762 1887; baseline 0.002 -11.016"><span class='ocrx_word' id='word_1_188' title='bbox 120 1847 274 1877; x_wconf 84' lang='grc' dir='ltr'>Ἀττικοις</span> <span class='ocrx_word' id='word_1_189' title='bbox 288 1848 345 1883; x_wconf 82' lang='grc' dir='ltr'>τῆς</span> <span class='ocrx_word' id='word_1_190' title='bbox 358 1844 540 1885; x_wconf 86' lang='grc' dir='ltr'>βαρυτόνου.</span> <span class='ocrx_word' id='word_1_191' title='bbox 556 1846 687 1884; x_wconf 80' lang='grc' dir='ltr'>δείκνυμι</span> <span class='ocrx_word' id='word_1_192' title='bbox 701 1847 762 1887; x_wconf 73' lang='grc' dir='ltr'>’γὰρ</span> 
     </span>
     <span class='ocr_line' id='line_1_36' title="bbox 121 1888 760 1928; baseline -0.002 -9"><span class='ocrx_word' id='word_1_193' title='bbox 121 1888 174 1919; x_wconf 87' lang='grc' dir='ltr'>καί</span> <span class='ocrx_word' id='word_1_194' title='bbox 189 1888 339 1928; x_wconf 75' lang='grc' dir='ltr'>ζεύγνυμι</span> <span class='ocrx_word' id='word_1_195' title='bbox 352 1888 511 1927; x_wconf 68' lang='grc' dir='ltr'>λέγουσιν,</span> <span class='ocrx_word' id='word_1_196' title='bbox 528 1890 563 1920; x_wconf 79' lang='grc' dir='ltr'>οὐ</span> <span class='ocrx_word' id='word_1_197' title='bbox 575 1889 700 1920; x_wconf 87' lang='grc' dir='ltr'>δεικνυω</span> <span class='ocrx_word' id='word_1_198' title='bbox 711 1891 760 1921; x_wconf 78' lang='grc' dir='ltr'>οὐ-</span> 
     </span>
     <span class='ocr_line' id='line_1_37' title="bbox 123 1930 761 1980; baseline 0 -18"><span class='ocrx_word' id='word_1_199' title='bbox 123 1931 156 1962; x_wconf 87' lang='grc' dir='ltr'>δὲ</span> <span class='ocrx_word' id='word_1_200' title='bbox 183 1930 329 1971; x_wconf 72' lang='grc' dir='ltr'>ζευγνύω.</span> <span class='ocrx_word' id='word_1_201' title='bbox 365 1932 695 1980; x_wconf 79' lang='lat' dir='ltr'>Ge01·g.Lecapenus</span> <span class='ocrx_word' id='word_1_202' title='bbox 729 1934 761 1962; x_wconf 92' lang='lat' dir='ltr'>in</span> 
     </span>
     <span class='ocr_line' id='line_1_38' title="bbox 123 1973 761 2015; baseline 0.005 -12"><span class='ocrx_word' id='word_1_203' title='bbox 123 1973 270 2005; x_wconf 48' lang='lat' dir='ltr'>wlattlxaei</span> <span class='ocrx_word' id='word_1_204' title='bbox 294 1975 398 2004; x_wconf 86' lang='lat' dir='ltr'>Lectt.</span> <span class='ocrx_word' id='word_1_205' title='bbox 419 1974 547 2014; x_wconf 85' lang='lat' dir='ltr'>Mosqu.</span> <span class='ocrx_word' id='word_1_206' title='bbox 572 1975 609 2005; x_wconf 91' lang='grc' dir='ltr'><strong>Τ</strong></span> <span class='ocrx_word' id='word_1_207' title='bbox 625 1975 646 2004; x_wconf 89' lang='lat' dir='ltr'>i.</span> <span class='ocrx_word' id='word_1_208' title='bbox 662 1986 692 2015; x_wconf 87' lang='lat' dir='ltr'>p.</span> <span class='ocrx_word' id='word_1_209' title='bbox 708 1979 761 2006; x_wconf 85' lang='lat'>59.</span> 
     </span>
     <span class='ocr_line' id='line_1_39' title="bbox 115 2015 760 2056; baseline 0 -8"><span class='ocrx_word' id='word_1_210' title='bbox 115 2015 203 2048; x_wconf 84' lang='grc' dir='ltr'>Ὀσα</span> <span class='ocrx_word' id='word_1_211' title='bbox 218 2017 279 2048; x_wconf 80' lang='grc' dir='ltr'>ἀπὸ</span> <span class='ocrx_word' id='word_1_212' title='bbox 293 2019 356 2048; x_wconf 86' lang='grc' dir='ltr'>τῶν</span> <span class='ocrx_word' id='word_1_213' title='bbox 366 2016 408 2048; x_wconf 80' lang='grc' dir='ltr'>εἷς</span> <span class='ocrx_word' id='word_1_214' title='bbox 423 2029 456 2055; x_wconf 87' lang='grc' dir='ltr'>μι</span> <span class='ocrx_word' id='word_1_215' title='bbox 471 2016 671 2056; x_wconf 76' lang='grc' dir='ltr'>κανονιζεται,</span> <span class='ocrx_word' id='word_1_216' title='bbox 688 2019 760 2048; x_wconf 81' lang='grc' dir='ltr'>ταῦ-</span> 
     </span>
     <span class='ocr_line' id='line_1_40' title="bbox 122 2059 761 2100; baseline 0.003 -11"><span class='ocrx_word' id='word_1_217' title='bbox 122 2071 163 2092; x_wconf 85' lang='grc' dir='ltr'>τα</span> <span class='ocrx_word' id='word_1_218' title='bbox 177 2059 227 2091; x_wconf 86' lang='grc' dir='ltr'>καὶ</span> <span class='ocrx_word' id='word_1_219' title='bbox 243 2059 448 2100; x_wconf 75' lang='grc' dir='ltr'>ἀκριβέστερα</span> <span class='ocrx_word' id='word_1_220' title='bbox 470 2060 551 2100; x_wconf 80' lang='grc' dir='ltr'>παρὰ</span> <span class='ocrx_word' id='word_1_221' title='bbox 571 2061 637 2092; x_wconf 81' lang='grc' dir='ltr'>τοῖς</span> <span class='ocrx_word' id='word_1_222' title='bbox 659 2061 761 2091; x_wconf 85' lang='grc' dir='ltr'>Ἀττι-</span> 
     </span>
     <span class='ocr_line' id='line_1_41' title="bbox 121 2102 759 2142; baseline 0.003 -10"><span class='ocrx_word' id='word_1_223' title='bbox 121 2104 195 2134; x_wconf 81' lang='grc' dir='ltr'>κοῖς.</span> <span class='ocrx_word' id='word_1_224' title='bbox 222 2102 347 2133; x_wconf 89' lang='lat' dir='ltr'>Anecd.</span> <span class='ocrx_word' id='word_1_225' title='bbox 371 2103 475 2132; x_wconf 87' lang='lat' dir='ltr'>Bekk.</span> <span class='ocrx_word' id='word_1_226' title='bbox 495 2113 526 2142; x_wconf 87' lang='lat' dir='ltr'>p.</span> <span class='ocrx_word' id='word_1_227' title='bbox 548 2105 600 2134; x_wconf 74' lang='lat'>40.</span> <span class='ocrx_word' id='word_1_228' title='bbox 620 2106 651 2133; x_wconf 87' lang='grc'>9.</span> <span class='ocrx_word' id='word_1_229' title='bbox 676 2103 759 2134; x_wconf 85' lang='grc' dir='ltr'>Ἐπι-</span> 
     </span>
     <span class='ocr_line' id='line_1_42' title="bbox 121 2144 759 2186; baseline 0 -10"><span class='ocrx_word' id='word_1_230' title='bbox 121 2145 242 2176; x_wconf 79' lang='grc' dir='ltr'>δείκνυ;</span> <span class='ocrx_word' id='word_1_231' title='bbox 278 2147 316 2176; x_wconf 81' lang='grc' dir='ltr'>τὸ</span> <span class='ocrx_word' id='word_1_232' title='bbox 349 2144 576 2186; x_wconf 83' lang='grc' dir='ltr'>προστακτικὸν</span> <span class='ocrx_word' id='word_1_233' title='bbox 602 2146 759 2182; x_wconf 82' lang='grc' dir='ltr'>Ἀττικῶς,</span> 
     </span>
     <span class='ocr_line' id='line_1_43' title="bbox 120 2186 760 2228; baseline 0.005 -11"><span class='ocrx_word' id='word_1_234' title='bbox 120 2186 189 2218; x_wconf 78' lang='grc' dir='ltr'>ἆντὶ</span> <span class='ocrx_word' id='word_1_235' title='bbox 212 2188 271 2219; x_wconf 81' lang='grc' dir='ltr'>τοῦ</span> <span class='ocrx_word' id='word_1_236' title='bbox 291 2187 619 2228; x_wconf 76' lang='grc' dir='ltr'>ἐπιδείκνυε.-ὥσπερ</span> <span class='ocrx_word' id='word_1_237' title='bbox 632 2187 682 2219; x_wconf 79' lang='grc' dir='ltr'>καὶ</span> <span class='ocrx_word' id='word_1_238' title='bbox 707 2188 760 2220; x_wconf 76' lang='grc' dir='ltr'>ὄλ·</span> 
     </span>
     <span class='ocr_line' id='line_1_44' title="bbox 121 2230 761 2269; baseline -0.002 -8"><span class='ocrx_word' id='word_1_239' title='bbox 121 2235 194 2268; x_wconf 85' lang='grc' dir='ltr'>λυμι</span> <span class='ocrx_word' id='word_1_240' title='bbox 211 2230 292 2261; x_wconf 78' lang='grc' dir='ltr'>ὄλλυ</span> <span class='ocrx_word' id='word_1_241' title='bbox 305 2230 355 2262; x_wconf 78' lang='grc' dir='ltr'>καὶ</span> <span class='ocrx_word' id='word_1_242' title='bbox 378 2230 416 2261; x_wconf 81' lang='grc' dir='ltr'>τὸ</span> <span class='ocrx_word' id='word_1_243' title='bbox 437 2230 536 2269; x_wconf 78' lang='grc' dir='ltr'>ὅμοια.</span> <span class='ocrx_word' id='word_1_244' title='bbox 558 2230 645 2261; x_wconf 81' lang='lat' dir='ltr'>Add.</span> <span class='ocrx_word' id='word_1_245' title='bbox 660 2231 761 2261; x_wconf 81' lang='lat' dir='ltr'>Bastii</span> 
     </span>
     <span class='ocr_line' id='line_1_45' title="bbox 120 2272 761 2315; baseline 0.003 -13"><span class='ocrx_word' id='word_1_246' title='bbox 120 2272 224 2312; x_wconf 83' lang='lat' dir='ltr'><strong>Epist.</strong></span> <span class='ocrx_word' id='word_1_247' title='bbox 238 2273 317 2304; x_wconf 81' lang='lat' dir='ltr'>Crit.</span> <span class='ocrx_word' id='word_1_248' title='bbox 332 2284 364 2315; x_wconf 89' lang='lat' dir='ltr'>p.</span> <span class='ocrx_word' id='word_1_249' title='bbox 383 2276 454 2305; x_wconf 82' lang='lat'>136.</span> <span class='ocrx_word' id='word_1_250' title='bbox 476 2273 527 2304; x_wconf 90' lang='lat' dir='ltr'>ed.</span> <span class='ocrx_word' id='word_1_251' title='bbox 542 2274 629 2314; x_wconf 88' lang='lat' dir='ltr'>Lips.</span> <span class='ocrx_word' id='word_1_252' title='bbox 655 2274 697 2305; x_wconf 84' lang='lat' dir='ltr'>G.</span> <span class='ocrx_word' id='word_1_253' title='bbox 714 2274 761 2304; x_wconf 91' lang='lat' dir='ltr'>H.</span> 
     </span>
    </p>

    <p class='ocr_par' dir='ltr' id='par_1_11' title="bbox 160 2316 760 2398">
     <span class='ocr_line' id='line_1_46' title="bbox 160 2316 760 2398; baseline 0 -10"><span class='ocrx_word' id='word_1_254' title='bbox 160 2316 239 2389; x_wconf 52' lang='lat' dir='ltr'>lif-16.</span> <span class='ocrx_word' id='word_1_255' title='bbox 255 2358 352 2398; x_wconf 84' lang='lat' dir='ltr'>AEgei</span> <span class='ocrx_word' id='word_1_256' title='bbox 363 2368 530 2398; x_wconf 83' lang='lat' dir='ltr'>personam</span> <span class='ocrx_word' id='word_1_257' title='bbox 541 2358 659 2389; x_wconf 84' lang='lat' dir='ltr'>omittit</span> <span class='ocrx_word' id='word_1_258' title='bbox 670 2359 760 2388; x_wconf 83' lang='lat' dir='ltr'>Lasc.</span> 
     </span>
    </p>

    <p class='ocr_par' dir='ltr' id='par_1_12' title="bbox 120 2399 760 2526">
     <span class='ocr_line' id='line_1_47' title="bbox 164 2399 760 2440; baseline -0.002 -9"><span class='ocrx_word' id='word_1_259' title='bbox 164 2403 240 2432; x_wconf 79' lang='grc'>749.</span> <span class='ocrx_word' id='word_1_260' title='bbox 262 2399 337 2440; x_wconf 77' lang='grc' dir='ltr'>ζῶν.</span> <span class='ocrx_word' id='word_1_261' title='bbox 360 2401 411 2431; x_wconf 86' lang='lat' dir='ltr'>Sic</span> <span class='ocrx_word' id='word_1_262' title='bbox 435 2400 511 2430; x_wconf 89' lang='lat' dir='ltr'>Ald.</span> <span class='ocrx_word' id='word_1_263' title='bbox 526 2401 615 2431; x_wconf 79' lang='lat' dir='ltr'>Lasc.</span> <span class='ocrx_word' id='word_1_264' title='bbox 632 2406 664 2430; x_wconf 87' lang='lat' dir='ltr'>et</span> <span class='ocrx_word' id='word_1_265' title='bbox 680 2401 760 2430; x_wconf 81' lang='lat' dir='ltr'>Mss.</span> 
     </span>
     <span class='ocr_line' id='line_1_48' title="bbox 120 2442 760 2484; baseline 0.002 -12"><span class='ocrx_word' id='word_1_266' title='bbox 120 2443 276 2483; x_wconf 82' lang='lat' dir='ltr'>plerique.</span> <span class='ocrx_word' id='word_1_267' title='bbox 291 2445 353 2482; x_wconf 72' lang='grc' dir='ltr'>’γῆς</span> <span class='ocrx_word' id='word_1_268' title='bbox 368 2442 410 2474; x_wconf 91' lang='lat' dir='ltr'>A.</span> <span class='ocrx_word' id='word_1_269' title='bbox 427 2443 465 2474; x_wconf 91' lang='lat' dir='ltr'>P.</span> <span class='ocrx_word' id='word_1_270' title='bbox 483 2442 543 2482; x_wconf 76' lang='grc' dir='ltr'>ζῶν</span> <span class='ocrx_word' id='word_1_271' title='bbox 559 2444 596 2474; x_wconf 91' lang='grc' dir='ltr'>Ρ.</span> <span class='ocrx_word' id='word_1_272' title='bbox 616 2454 672 2484; x_wconf 84' lang='lat' dir='ltr'>pro</span> <span class='ocrx_word' id='word_1_273' title='bbox 698 2453 760 2473; x_wconf 85' lang='lat' dir='ltr'>var.</span> 
     </span>
     <span class='ocr_line' id='line_1_49' title="bbox 120 2485 469 2526; baseline 0.006 -12"><span class='ocrx_word' id='word_1_274' title='bbox 120 2485 193 2515; x_wconf 86' lang='lat' dir='ltr'>lect.</span> <span class='ocrx_word' id='word_1_275' title='bbox 237 2485 416 2526; x_wconf 81' lang='lat' dir='ltr'>Utrumque</span> <span class='ocrx_word' id='word_1_276' title='bbox 430 2486 469 2516; x_wconf 87' lang='lat' dir='ltr'>E.</span> 
     </span>
    </p>

    <p class='ocr_par' dir='ltr' id='par_1_13' title="bbox 119 2526 758 2695">
     <span class='ocr_line' id='line_1_50' title="bbox 164 2526 758 2559; baseline -0.002 -2"><span class='ocrx_word' id='word_1_277' title='bbox 164 2530 239 2559; x_wconf 87' lang='grc'>750.</span> <span class='ocrx_word' id='word_1_278' title='bbox 262 2527 337 2558; x_wconf 86' lang='lat' dir='ltr'>Ald.</span> <span class='ocrx_word' id='word_1_279' title='bbox 354 2533 387 2558; x_wconf 84' lang='lat' dir='ltr'>et</span> <span class='ocrx_word' id='word_1_280' title='bbox 402 2538 507 2558; x_wconf 88' lang='lat' dir='ltr'>omnes</span> <span class='ocrx_word' id='word_1_281' title='bbox 521 2527 587 2558; x_wconf 86' lang='lat' dir='ltr'>fere</span> <span class='ocrx_word' id='word_1_282' title='bbox 603 2526 758 2557; x_wconf 78' lang='lat' dir='ltr'><strong>editiones</strong></span> 
     </span>
     <span class='ocr_line' id='line_1_51' title="bbox 119 2570 758 2610; baseline 0.005 -12"><span class='ocrx_word' id='word_1_283' title='bbox 119 2570 262 2608; x_wconf 82' lang='grc' dir='ltr'>λαμπρὸν</span> <span class='ocrx_word' id='word_1_284' title='bbox 285 2570 394 2601; x_wconf 80' lang='grc' dir='ltr'>Ἡλίου</span> <span class='ocrx_word' id='word_1_285' title='bbox 415 2583 452 2602; x_wconf 87' lang='grc' dir='ltr'>τε</span> <span class='ocrx_word' id='word_1_286' title='bbox 475 2572 551 2610; x_wconf 80' lang='grc' dir='ltr'>φῶς,</span> <span class='ocrx_word' id='word_1_287' title='bbox 574 2571 681 2610; x_wconf 76' lang='lat' dir='ltr'>copula</span> <span class='ocrx_word' id='word_1_288' title='bbox 695 2571 758 2601; x_wconf 83' lang='lat' dir='ltr'>ine—</span> 
     </span>
     <span class='ocr_line' id='line_1_52' title="bbox 119 2612 758 2650; baseline -0.002 -8"><span class='ocrx_word' id='word_1_289' title='bbox 119 2613 263 2650; x_wconf 75' lang='lat' dir='ltr'>leganter</span> <span class='ocrx_word' id='word_1_290' title='bbox 283 2613 413 2649; x_wconf 75' lang='lat' dir='ltr'>inserta,</span> <span class='ocrx_word' id='word_1_291' title='bbox 440 2619 474 2643; x_wconf 91' lang='lat' dir='ltr'>ut</span> <span class='ocrx_word' id='word_1_292' title='bbox 495 2614 527 2643; x_wconf 87' lang='lat' dir='ltr'>in</span> <span class='ocrx_word' id='word_1_293' title='bbox 551 2623 584 2642; x_wconf 91' lang='lat' dir='ltr'>re</span> <span class='ocrx_word' id='word_1_294' title='bbox 601 2612 696 2642; x_wconf 83' lang='lat' dir='ltr'>simili</span> <span class='ocrx_word' id='word_1_295' title='bbox 712 2612 758 2641; x_wconf 91' lang='lat' dir='ltr'>di-</span> 
     </span>
     <span class='ocr_line' id='line_1_53' title="bbox 120 2654 758 2695; baseline 0.003 -12"><span class='ocrx_word' id='word_1_296' title='bbox 120 2654 229 2686; x_wconf 79' lang='lat' dir='ltr'>cebam</span> <span class='ocrx_word' id='word_1_297' title='bbox 244 2654 284 2685; x_wconf 84' lang='lat' dir='ltr'>ad</span> <span class='ocrx_word' id='word_1_298' title='bbox 300 2655 380 2686; x_wconf 88' lang='lat' dir='ltr'>Hec.</span> <span class='ocrx_word' id='word_1_299' title='bbox 393 2658 445 2686; x_wconf 87' lang='grc'>79.</span> <span class='ocrx_word' id='word_1_300' title='bbox 468 2655 533 2695; x_wconf 85' lang='lat' dir='ltr'>[ed.</span> <span class='ocrx_word' id='word_1_301' title='bbox 549 2655 651 2685; x_wconf 87' lang='lat' dir='ltr'>Lond.</span> <span class='ocrx_word' id='word_1_302' title='bbox 664 2656 758 2685; x_wconf 84' lang='grc'>1808.</span> 
     </span>
    </p>
   </div>
   <div class='ocr_carea' id='block_1_9' title="bbox 1359 700 1444 740">
    <p class='ocr_par' dir='ltr' id='par_1_14' title="bbox 1359 700 1444 740">
     <span class='ocr_line' id='line_1_54' title="bbox 1359 700 1444 740; baseline -0.047 0"><span class='ocrx_word' id='word_1_303' title='bbox 1359 700 1444 740; x_wconf 80' lang='lat'>750</span> 
     </span>
    </p>
   </div>
   <div class='ocr_carea' id='block_1_10' title="bbox 804 821 1449 2015">
    <p class='ocr_par' dir='ltr' id='par_1_15' title="bbox 804 821 1449 2015">
     <span class='ocr_line' id='line_1_55' title="bbox 809 821 1447 863; baseline -0.005 -9"><span class='ocrx_word' id='word_1_304' title='bbox 809 821 878 862; x_wconf 61' lang='lat'>73]</span> <span class='ocrx_word' id='word_1_305' title='bbox 894 833 996 863; x_wconf 85' lang='lat' dir='ltr'>neque</span> <span class='ocrx_word' id='word_1_306' title='bbox 1012 823 1107 853; x_wconf 80' lang='lat' dir='ltr'>verba</span> <span class='ocrx_word' id='word_1_307' title='bbox 1118 827 1217 854; x_wconf 78' lang='lat' dir='ltr'>muto,</span> <span class='ocrx_word' id='word_1_308' title='bbox 1241 821 1304 852; x_wconf 76' lang='lat' dir='ltr'>Sed</span> <span class='ocrx_word' id='word_1_309' title='bbox 1315 832 1351 851; x_wconf 85' lang='lat' dir='ltr'>ea</span> <span class='ocrx_word' id='word_1_310' title='bbox 1363 830 1447 862; x_wconf 83' lang='lat' dir='ltr'>quae-</span> 
     </span>
     <span class='ocr_line' id='line_1_56' title="bbox 810 865 1445 907; baseline -0.002 -12"><span class='ocrx_word' id='word_1_311' title='bbox 810 866 870 895; x_wconf 71' lang='lat' dir='ltr'>slio</span> <span class='ocrx_word' id='word_1_312' title='bbox 884 876 947 895; x_wconf 90' lang='lat' dir='ltr'>non</span> <span class='ocrx_word' id='word_1_313' title='bbox 960 871 1007 896; x_wconf 82' lang='lat' dir='ltr'>est</span> <span class='ocrx_word' id='word_1_314' title='bbox 1021 866 1112 907; x_wconf 83' lang='lat' dir='ltr'>hujus</span> <span class='ocrx_word' id='word_1_315' title='bbox 1124 867 1196 896; x_wconf 84' lang='lat' dir='ltr'>loci.</span> <span class='ocrx_word' id='word_1_316' title='bbox 1240 865 1321 894; x_wconf 83' lang='lat' dir='ltr'>Satis</span> <span class='ocrx_word' id='word_1_317' title='bbox 1329 865 1369 894; x_wconf 83' lang='lat' dir='ltr'>sit</span> <span class='ocrx_word' id='word_1_318' title='bbox 1382 876 1445 895; x_wconf 89' lang='lat' dir='ltr'>mo-</span> 
     </span>
     <span class='ocr_line' id='line_1_57' title="bbox 809 908 1449 949; baseline 0.002 -12"><span class='ocrx_word' id='word_1_319' title='bbox 809 909 915 938; x_wconf 84' lang='lat' dir='ltr'>nuisse</span> <span class='ocrx_word' id='word_1_320' title='bbox 926 912 978 939; x_wconf 80' lang='lat'>80.</span> <span class='ocrx_word' id='word_1_321' title='bbox 989 909 1033 938; x_wconf 90' lang='lat' dir='ltr'>ibi</span> <span class='ocrx_word' id='word_1_322' title='bbox 1044 909 1111 949; x_wconf 87' lang='lat' dir='ltr'>[ed.</span> <span class='ocrx_word' id='word_1_323' title='bbox 1121 908 1220 938; x_wconf 89' lang='lat' dir='ltr'>Lond.</span> <span class='ocrx_word' id='word_1_324' title='bbox 1231 911 1326 939; x_wconf 89' lang='grc'>1797.</span> <span class='ocrx_word' id='word_1_325' title='bbox 1340 908 1449 948; x_wconf 87' lang='grc'>1802.]</span> 
     </span>
     <span class='ocr_line' id='line_1_58' title="bbox 810 951 1445 991; baseline 0 -11"><span class='ocrx_word' id='word_1_326' title='bbox 810 961 864 990; x_wconf 87' lang='lat' dir='ltr'>pro</span> <span class='ocrx_word' id='word_1_327' title='bbox 880 955 932 982; x_wconf 87' lang='grc'>79.</span> <span class='ocrx_word' id='word_1_328' title='bbox 949 962 1004 991; x_wconf 82' lang='lat' dir='ltr'>per</span> <span class='ocrx_word' id='word_1_329' title='bbox 1019 962 1155 981; x_wconf 84' lang='lat' dir='ltr'>errorem</span> <span class='ocrx_word' id='word_1_330' title='bbox 1172 951 1255 991; x_wconf 85' lang='lat' dir='ltr'>poni,</span> <span class='ocrx_word' id='word_1_331' title='bbox 1273 952 1355 990; x_wconf 87' lang='lat' dir='ltr'>quod</span> <span class='ocrx_word' id='word_1_332' title='bbox 1371 961 1445 981; x_wconf 84' lang='lat' dir='ltr'>cen-</span> 
     </span>
     <span class='ocr_line' id='line_1_59' title="bbox 810 995 1448 1033; baseline 0.002 -11"><span class='ocrx_word' id='word_1_333' title='bbox 810 1004 896 1023; x_wconf 90' lang='lat' dir='ltr'>sores</span> <span class='ocrx_word' id='word_1_334' title='bbox 912 995 1107 1024; x_wconf 82' lang='lat' dir='ltr'>acutissimos</span> <span class='ocrx_word' id='word_1_335' title='bbox 1122 995 1190 1024; x_wconf 84' lang='lat' dir='ltr'>siue</span> <span class='ocrx_word' id='word_1_336' title='bbox 1207 995 1448 1033; x_wconf 70' lang='lat' dir='ltr'>reprehensione</span> 
     </span>
     <span class='ocr_line' id='line_1_60' title="bbox 810 1036 1446 1077; baseline 0.002 -12"><span class='ocrx_word' id='word_1_337' title='bbox 810 1036 967 1066; x_wconf 79' lang='lat' dir='ltr'>dimisisse</span> <span class='ocrx_word' id='word_1_338' title='bbox 996 1038 1137 1077; x_wconf 69' lang='lat' dir='ltr'>profecto</span> <span class='ocrx_word' id='word_1_339' title='bbox 1163 1036 1267 1066; x_wconf 89' lang='lat' dir='ltr'>miror.</span> <span class='ocrx_word' id='word_1_340' title='bbox 1319 1036 1353 1066; x_wconf 85' lang='lat' dir='ltr'>Si</span> <span class='ocrx_word' id='word_1_341' title='bbox 1375 1037 1446 1077; x_wconf 83' lang='lat' dir='ltr'>quis</span> 
     </span>
     <span class='ocr_line' id='line_1_61' title="bbox 809 1079 1447 1119; baseline 0 -11"><span class='ocrx_word' id='word_1_342' title='bbox 809 1089 883 1109; x_wconf 75' lang='lat' dir='ltr'>vero</span> <span class='ocrx_word' id='word_1_343' title='bbox 907 1080 939 1109; x_wconf 87' lang='lat' dir='ltr'>in</span> <span class='ocrx_word' id='word_1_344' title='bbox 965 1081 1058 1110; x_wconf 84' lang='lat' dir='ltr'>hosce</span> <span class='ocrx_word' id='word_1_345' title='bbox 1083 1090 1204 1110; x_wconf 83' lang='lat' dir='ltr'>errores</span> <span class='ocrx_word' id='word_1_346' title='bbox 1219 1079 1384 1119; x_wconf 79' lang='lat' dir='ltr'>postmodo</span> <span class='ocrx_word' id='word_1_347' title='bbox 1399 1080 1447 1109; x_wconf 87' lang='lat' dir='ltr'>iu-</span> 
     </span>
     <span class='ocr_line' id='line_1_62' title="bbox 809 1121 1447 1162; baseline 0.002 -11"><span class='ocrx_word' id='word_1_348' title='bbox 809 1123 953 1156; x_wconf 70' lang='lat' dir='ltr'>vehetur,</span> <span class='ocrx_word' id='word_1_349' title='bbox 965 1123 992 1152; x_wconf 88' lang='lat' dir='ltr'>si</span> <span class='ocrx_word' id='word_1_350' title='bbox 1002 1123 1072 1162; x_wconf 88' lang='lat' dir='ltr'>quis</span> <span class='ocrx_word' id='word_1_351' title='bbox 1087 1123 1219 1153; x_wconf 81' lang='lat' dir='ltr'>‘irarum</span> <span class='ocrx_word' id='word_1_352' title='bbox 1231 1132 1336 1152; x_wconf 85' lang='lat' dir='ltr'>omnes</span> <span class='ocrx_word' id='word_1_353' title='bbox 1346 1121 1447 1152; x_wconf 79' lang='lat' dir='ltr'>effun-</span> 
     </span>
     <span class='ocr_line' id='line_1_63' title="bbox 809 1164 1448 1206; baseline 0.003 -13"><span class='ocrx_word' id='word_1_354' title='bbox 809 1164 862 1194; x_wconf 86' lang='lat' dir='ltr'>det</span> <span class='ocrx_word' id='word_1_355' title='bbox 887 1165 1046 1199; x_wconf 78' lang='lat' dir='ltr'>habenas‚’</span> <span class='ocrx_word' id='word_1_356' title='bbox 1070 1171 1234 1206; x_wconf 79' lang='lat' dir='ltr'>propterea</span> <span class='ocrx_word' id='word_1_357' title='bbox 1255 1165 1327 1204; x_wconf 85' lang='lat' dir='ltr'>quia</span> <span class='ocrx_word' id='word_1_358' title='bbox 1344 1165 1448 1195; x_wconf 76' lang='lat' dir='ltr'>Orest.</span> 
     </span>
     <span class='ocr_line' id='line_1_64' title="bbox 809 1207 1449 1248; baseline -0.002 -10"><span class='ocrx_word' id='word_1_359' title='bbox 809 1209 883 1238; x_wconf 79' lang='grc'>626.</span> <span class='ocrx_word' id='word_1_360' title='bbox 912 1208 1094 1247; x_wconf 89' lang='lat' dir='ltr'>imprudens</span> <span class='ocrx_word' id='word_1_361' title='bbox 1130 1211 1204 1239; x_wconf 81' lang='lat'>633.</span> <span class='ocrx_word' id='word_1_362' title='bbox 1257 1208 1323 1248; x_wconf 90' lang='lat' dir='ltr'>[ed.</span> <span class='ocrx_word' id='word_1_363' title='bbox 1348 1207 1449 1237; x_wconf 82' lang='lat' dir='ltr'>Lond.</span> 
     </span>
     <span class='ocr_line' id='line_1_65' title="bbox 811 1250 1447 1291; baseline 0.002 -12"><span class='ocrx_word' id='word_1_364' title='bbox 811 1251 920 1291; x_wconf 62' lang='lat'>1798]</span> <span class='ocrx_word' id='word_1_365' title='bbox 943 1251 1059 1286; x_wconf 82' lang='lat' dir='ltr'>notavi,</span> <span class='ocrx_word' id='word_1_366' title='bbox 1084 1262 1156 1281; x_wconf 68' lang='lat' dir='ltr'>eun</span> <span class='ocrx_word' id='word_1_367' title='bbox 1179 1256 1318 1290; x_wconf 77' lang='lat' dir='ltr'>rogatum</span> <span class='ocrx_word' id='word_1_368' title='bbox 1342 1250 1447 1286; x_wconf 85' lang='lat' dir='ltr'>velim,</span> 
     </span>
     <span class='ocr_line' id='line_1_66' title="bbox 809 1293 1446 1333; baseline 0.002 -12"><span class='ocrx_word' id='word_1_369' title='bbox 809 1298 854 1328; x_wconf 83' lang='lat' dir='ltr'>ut,</span> <span class='ocrx_word' id='word_1_370' title='bbox 884 1293 1065 1333; x_wconf 82' lang='lat' dir='ltr'>priusquam</span> <span class='ocrx_word' id='word_1_371' title='bbox 1094 1300 1182 1323; x_wconf 78' lang='lat' dir='ltr'>tanto</span> <span class='ocrx_word' id='word_1_372' title='bbox 1211 1303 1306 1333; x_wconf 83' lang='lat' dir='ltr'>opere</span> <span class='ocrx_word' id='word_1_373' title='bbox 1334 1293 1366 1322; x_wconf 87' lang='lat' dir='ltr'>in</span> <span class='ocrx_word' id='word_1_374' title='bbox 1396 1303 1446 1323; x_wconf 89' lang='lat' dir='ltr'>me</span> 
     </span>
     <span class='ocr_line' id='line_1_67' title="bbox 810 1335 1446 1376; baseline 0.002 -12"><span class='ocrx_word' id='word_1_375' title='bbox 810 1335 927 1369; x_wconf 69' lang='lat' dir='ltr'>saeviae,</span> <span class='ocrx_word' id='word_1_376' title='bbox 952 1335 1108 1365; x_wconf 83' lang='lat' dir='ltr'>Addenda</span> <span class='ocrx_word' id='word_1_377' title='bbox 1122 1346 1193 1365; x_wconf 83' lang='lat' dir='ltr'>mea</span> <span class='ocrx_word' id='word_1_378' title='bbox 1208 1341 1238 1365; x_wconf 83' lang='lat' dir='ltr'>et</span> <span class='ocrx_word' id='word_1_379' title='bbox 1254 1335 1446 1376; x_wconf 81' lang='lat' dir='ltr'>Corrigenda</span> 
     </span>
     <span class='ocr_line' id='line_1_68' title="bbox 810 1378 1446 1419; baseline 0.003 -13"><span class='ocrx_word' id='word_1_380' title='bbox 810 1378 964 1407; x_wconf 72' lang='lat' dir='ltr'>consulat.</span> <span class='ocrx_word' id='word_1_381' title='bbox 1006 1378 1207 1418; x_wconf 81' lang='lat' dir='ltr'>Plerumque,</span> <span class='ocrx_word' id='word_1_382' title='bbox 1223 1379 1333 1413; x_wconf 67' lang='lat' dir='ltr'>fateor,</span> <span class='ocrx_word' id='word_1_383' title='bbox 1349 1388 1446 1419; x_wconf 81' lang='lat' dir='ltr'>copu-</span> 
     </span>
     <span class='ocr_line' id='line_1_69' title="bbox 811 1419 1447 1460; baseline 0.005 -12"><span class='ocrx_word' id='word_1_384' title='bbox 811 1419 871 1449; x_wconf 81' lang='lat' dir='ltr'>lam</span> <span class='ocrx_word' id='word_1_385' title='bbox 896 1421 1028 1460; x_wconf 76' lang='lat' dir='ltr'>singulis</span> <span class='ocrx_word' id='word_1_386' title='bbox 1050 1421 1226 1450; x_wconf 80' lang='lat' dir='ltr'>nominibus</span> <span class='ocrx_word' id='word_1_387' title='bbox 1250 1421 1368 1451; x_wconf 79' lang='lat' dir='ltr'>addunt</span> <span class='ocrx_word' id='word_1_388' title='bbox 1386 1428 1447 1451; x_wconf 75' lang='lat' dir='ltr'>tra-</span> 
     </span>
     <span class='ocr_line' id='line_1_70' title="bbox 809 1462 1447 1503; baseline 0.005 -12.005"><span class='ocrx_word' id='word_1_389' title='bbox 809 1462 883 1501; x_wconf 75' lang='lat' dir='ltr'>gici,</span> <span class='ocrx_word' id='word_1_390' title='bbox 906 1464 961 1492; x_wconf 86' lang='lat' dir='ltr'>sed</span> <span class='ocrx_word' id='word_1_391' title='bbox 985 1474 1046 1493; x_wconf 86' lang='lat' dir='ltr'>non</span> <span class='ocrx_word' id='word_1_392' title='bbox 1072 1474 1214 1503; x_wconf 83' lang='lat' dir='ltr'>semper3</span> <span class='ocrx_word' id='word_1_393' title='bbox 1240 1464 1375 1503; x_wconf 87' lang='lat' dir='ltr'>ideoque</span> <span class='ocrx_word' id='word_1_394' title='bbox 1403 1465 1447 1493; x_wconf 81' lang='lat' dir='ltr'>le-</span> 
     </span>
     <span class='ocr_line' id='line_1_71' title="bbox 809 1505 1446 1547; baseline 0.002 -11.002"><span class='ocrx_word' id='word_1_395' title='bbox 809 1505 947 1543; x_wconf 75' lang='lat' dir='ltr'>gendum</span> <span class='ocrx_word' id='word_1_396' title='bbox 961 1512 1058 1541; x_wconf 84' lang='lat' dir='ltr'>esset,</span> <span class='ocrx_word' id='word_1_397' title='bbox 1074 1505 1236 1547; x_wconf 66' lang='grc' dir='ltr'>λαμπρὸιε</span> <span class='ocrx_word' id='word_1_398' title='bbox 1241 1506 1340 1537; x_wconf 80' lang='grc' dir='ltr'>Ηλίου</span> <span class='ocrx_word' id='word_1_399' title='bbox 1358 1505 1446 1546; x_wconf 79' lang='grc' dir='ltr'>φάος,</span> 
     </span>
     <span class='ocr_line' id='line_1_72' title="bbox 808 1547 1445 1590; baseline 0.005 -14"><span class='ocrx_word' id='word_1_400' title='bbox 808 1547 861 1577; x_wconf 88' lang='lat' dir='ltr'>ubi</span> <span class='ocrx_word' id='word_1_401' title='bbox 877 1548 981 1578; x_wconf 59' lang='lat' dir='ltr'>medii</span> <span class='ocrx_word' id='word_1_402' title='bbox 997 1550 1110 1589; x_wconf 79' lang='lat' dir='ltr'>copula</span> <span class='ocrx_word' id='word_1_403' title='bbox 1125 1550 1337 1589; x_wconf 69' lang='lat' dir='ltr'>supprimitur,</span> <span class='ocrx_word' id='word_1_404' title='bbox 1361 1550 1445 1590; x_wconf 89' lang='lat' dir='ltr'>quod</span> 
     </span>
     <span class='ocr_line' id='line_1_73' title="bbox 808 1589 1446 1632; baseline 0.005 -13"><span class='ocrx_word' id='word_1_405' title='bbox 808 1589 966 1621; x_wconf 87' lang='lat' dir='ltr'>interdum</span> <span class='ocrx_word' id='word_1_406' title='bbox 990 1592 1033 1620; x_wconf 87' lang='lat' dir='ltr'>fit.</span> <span class='ocrx_word' id='word_1_407' title='bbox 1080 1591 1129 1621; x_wconf 86' lang='lat' dir='ltr'>Ne</span> <span class='ocrx_word' id='word_1_408' title='bbox 1147 1602 1218 1621; x_wconf 77' lang='lat' dir='ltr'>xeio</span> <span class='ocrx_word' id='word_1_409' title='bbox 1235 1591 1303 1632; x_wconf 88' lang='lat' dir='ltr'>quis</span> <span class='ocrx_word' id='word_1_410' title='bbox 1320 1592 1446 1622; x_wconf 76' lang='lat' dir='ltr'>caville-</span> 
     </span>
     <span class='ocr_line' id='line_1_74' title="bbox 809 1634 1447 1674; baseline 0.005 -12"><span class='ocrx_word' id='word_1_411' title='bbox 809 1638 857 1662; x_wconf 76' lang='lat' dir='ltr'>tur</span> <span class='ocrx_word' id='word_1_412' title='bbox 899 1634 1045 1664; x_wconf 75' lang='lat' dir='ltr'>‘nimiam</span> <span class='ocrx_word' id='word_1_413' title='bbox 1086 1635 1223 1674; x_wconf 81' lang='lat' dir='ltr'>profecto</span> <span class='ocrx_word' id='word_1_414' title='bbox 1260 1635 1447 1666; x_wconf 60' lang='lat' dir='ltr'>emendandi</span> 
     </span>
     <span class='ocr_line' id='line_1_75' title="bbox 806 1675 1446 1718; baseline 0.005 -14"><span class='ocrx_word' id='word_1_415' title='bbox 806 1675 981 1711; x_wconf 79' lang='lat' dir='ltr'>libidinem,</span> <span class='ocrx_word' id='word_1_416' title='bbox 989 1687 1085 1716; x_wconf 85' lang='lat' dir='ltr'>quum</span> <span class='ocrx_word' id='word_1_417' title='bbox 1096 1678 1182 1706; x_wconf 76' lang='lat' dir='ltr'>bonae</span> <span class='ocrx_word' id='word_1_418' title='bbox 1192 1677 1344 1707; x_wconf 79' lang='lat' dir='ltr'>lectiones</span> <span class='ocrx_word' id='word_1_419' title='bbox 1356 1688 1431 1718; x_wconf 85' lang='lat' dir='ltr'>prop</span> <span class='ocrx_word' id='word_1_420' title='bbox 1441 1696 1446 1700; x_wconf 91' lang='lat'>-</span> 
     </span>
     <span class='ocr_line' id='line_1_76' title="bbox 806 1719 1444 1756; baseline 0.006 -10"><span class='ocrx_word' id='word_1_421' title='bbox 806 1722 854 1747; x_wconf 85' lang='lat' dir='ltr'>ter</span> <span class='ocrx_word' id='word_1_422' title='bbox 877 1719 955 1749; x_wconf 87' lang='lat' dir='ltr'>hanc</span> <span class='ocrx_word' id='word_1_423' title='bbox 977 1720 1076 1749; x_wconf 75' lang='lat' dir='ltr'>solam</span> <span class='ocrx_word' id='word_1_424' title='bbox 1096 1720 1250 1749; x_wconf 83' lang='lat' dir='ltr'>rationem</span> <span class='ocrx_word' id='word_1_425' title='bbox 1273 1725 1444 1756; x_wconf 75' lang='lat' dir='ltr'>mutantur,</span> 
     </span>
     <span class='ocr_line' id='line_1_77' title="bbox 806 1759 1446 1801; baseline 0.006 -12"><span class='ocrx_word' id='word_1_426' title='bbox 806 1759 878 1790; x_wconf 87' lang='lat' dir='ltr'>etc.’</span> <span class='ocrx_word' id='word_1_427' title='bbox 918 1762 1037 1798; x_wconf 80' lang='lat' dir='ltr'>sciatis,</span> <span class='ocrx_word' id='word_1_428' title='bbox 1065 1762 1175 1801; x_wconf 83' lang='lat' dir='ltr'>optimi</span> <span class='ocrx_word' id='word_1_429' title='bbox 1202 1762 1446 1798; x_wconf 83' lang='lat' dir='ltr'>Adolescentes‚</span> 
     </span>
     <span class='ocr_line' id='line_1_78' title="bbox 806 1803 1445 1845; baseline 0.008 -14"><span class='ocrx_word' id='word_1_430' title='bbox 806 1803 848 1832; x_wconf 84' lang='lat' dir='ltr'>ita</span> <span class='ocrx_word' id='word_1_431' title='bbox 870 1804 964 1843; x_wconf 76' lang='lat' dir='ltr'>plane</span> <span class='ocrx_word' id='word_1_432' title='bbox 988 1805 1050 1845; x_wconf 84' lang='lat' dir='ltr'>legi</span> <span class='ocrx_word' id='word_1_433' title='bbox 1074 1805 1105 1834; x_wconf 89' lang='lat' dir='ltr'>in</span> <span class='ocrx_word' id='word_1_434' title='bbox 1132 1806 1274 1835; x_wconf 78' lang='lat' dir='ltr'>Lascan&#39;s</span> <span class='ocrx_word' id='word_1_435' title='bbox 1294 1805 1445 1836; x_wconf 77' lang='lat' dir='ltr'>editione.</span> 
     </span>
     <span class='ocr_line' id='line_1_79' title="bbox 806 1846 1443 1888; baseline 0.006 -14"><span class='ocrx_word' id='word_1_436' title='bbox 806 1846 849 1875; x_wconf 84' lang='lat' dir='ltr'>Et</span> <span class='ocrx_word' id='word_1_437' title='bbox 876 1847 935 1876; x_wconf 90' lang='lat' dir='ltr'>hoc</span> <span class='ocrx_word' id='word_1_438' title='bbox 961 1848 1037 1877; x_wconf 80' lang='lat' dir='ltr'>satis</span> <span class='ocrx_word' id='word_1_439' title='bbox 1063 1853 1147 1877; x_wconf 81' lang='lat' dir='ltr'>esset</span> <span class='ocrx_word' id='word_1_440' title='bbox 1173 1848 1212 1877; x_wconf 84' lang='lat' dir='ltr'>ad</span> <span class='ocrx_word' id='word_1_441' title='bbox 1234 1849 1443 1888; x_wconf 87' lang='lat' dir='ltr'>importunum</span> 
     </span>
     <span class='ocr_line' id='line_1_80' title="bbox 804 1888 1445 1923; baseline 0.006 -6"><span class='ocrx_word' id='word_1_442' title='bbox 804 1888 889 1918; x_wconf 86' lang='lat' dir='ltr'>istud</span> <span class='ocrx_word' id='word_1_443' title='bbox 912 1901 948 1919; x_wconf 88' lang='grc' dir='ltr'>τε</span> <span class='ocrx_word' id='word_1_444' title='bbox 975 1890 1193 1921; x_wconf 83' lang='lat' dir='ltr'>amoliendum.</span> <span class='ocrx_word' id='word_1_445' title='bbox 1237 1891 1298 1920; x_wconf 79' lang='lat' dir='ltr'>Sed</span> <span class='ocrx_word' id='word_1_446' title='bbox 1316 1901 1387 1920; x_wconf 88' lang='lat' dir='ltr'>cum</span> <span class='ocrx_word' id='word_1_447' title='bbox 1404 1891 1445 1923; x_wconf 79' lang='lat' dir='ltr'>B.</span> 
     </span>
     <span class='ocr_line' id='line_1_81' title="bbox 806 1930 1445 1971; baseline 0.005 -11"><span class='ocrx_word' id='word_1_448' title='bbox 806 1930 850 1961; x_wconf 86' lang='lat' dir='ltr'>D.</span> <span class='ocrx_word' id='word_1_449' title='bbox 877 1931 914 1961; x_wconf 87' lang='lat' dir='ltr'>P.</span> <span class='ocrx_word' id='word_1_450' title='bbox 937 1942 992 1971; x_wconf 86' lang='lat' dir='ltr'>pro</span> <span class='ocrx_word' id='word_1_451' title='bbox 1017 1943 1081 1962; x_wconf 80' lang='lat' dir='ltr'>var.</span> <span class='ocrx_word' id='word_1_452' title='bbox 1107 1933 1180 1963; x_wconf 78' lang='lat' dir='ltr'>lect.</span> <span class='ocrx_word' id='word_1_453' title='bbox 1205 1936 1279 1964; x_wconf 71' lang='lat'>744.</span> <span class='ocrx_word' id='word_1_454' title='bbox 1307 1933 1445 1963; x_wconf 82' lang='lat' dir='ltr'>habeant</span> 
     </span>
     <span class='ocr_line' id='line_1_82' title="bbox 806 1973 1443 2015; baseline 0.008 -13.08"><span class='ocrx_word' id='word_1_455' title='bbox 806 1973 915 2003; x_wconf 80' lang='grc' dir='ltr'>Ηλίου</span> <span class='ocrx_word' id='word_1_456' title='bbox 930 1975 955 2004; x_wconf 82' lang='grc' dir='ltr'>θ’</span> <span class='ocrx_word' id='word_1_457' title='bbox 971 1974 1067 2013; x_wconf 75' lang='grc' dir='ltr'>ἁγνὸν</span> <span class='ocrx_word' id='word_1_458' title='bbox 1082 1974 1190 2010; x_wconf 82' lang='grc' dir='ltr'>σέβας,</span> <span class='ocrx_word' id='word_1_459' title='bbox 1206 1975 1290 2015; x_wconf 88' lang='lat' dir='ltr'>quod</span> <span class='ocrx_word' id='word_1_460' title='bbox 1304 1975 1344 2005; x_wconf 86' lang='lat' dir='ltr'>ad</span> <span class='ocrx_word' id='word_1_461' title='bbox 1360 1977 1443 2007; x_wconf 84' lang='lat' dir='ltr'>hunc</span> 
     </span>
    </p>
   </div>
   <div class='ocr_carea' id='block_1_11' title="bbox 799 2016 1445 2049">
    <p class='ocr_par' dir='ltr' id='par_1_16' title="bbox 799 2016 1445 2049">
     <span class='ocr_line' id='line_1_83' title="bbox 799 2016 1445 2049; baseline 0.008 -5"><span class='ocrx_word' id='word_1_462' title='bbox 799 2016 821 2044; x_wconf 62' lang='lat' dir='ltr'>‘v</span> <span class='ocrx_word' id='word_1_463' title='bbox 825 2026 926 2046; x_wconf 88' lang='lat' dir='ltr'>ersum</span> <span class='ocrx_word' id='word_1_464' title='bbox 953 2018 1058 2048; x_wconf 81' lang='lat' dir='ltr'>referri</span> <span class='ocrx_word' id='word_1_465' title='bbox 1081 2018 1193 2048; x_wconf 77' lang='lat' dir='ltr'>debere</span> <span class='ocrx_word' id='word_1_466' title='bbox 1208 2019 1290 2048; x_wconf 83' lang='lat' dir='ltr'>bene</span> <span class='ocrx_word' id='word_1_467' title='bbox 1304 2019 1445 2049; x_wconf 83' lang='lat' dir='ltr'>observat</span> 
     </span>
    </p>
   </div>
   <div class='ocr_carea' id='block_1_12' title="bbox 802 2058 1446 2653">
    <p class='ocr_par' dir='ltr' id='par_1_17' title="bbox 802 2058 1446 2653">
     <span class='ocr_line' id='line_1_84' title="bbox 805 2058 1446 2101; baseline 0.006 -14"><span class='ocrx_word' id='word_1_468' title='bbox 805 2058 1015 2099; x_wconf 79' lang='lat' dir='ltr'>Musgravius,</span> <span class='ocrx_word' id='word_1_469' title='bbox 1051 2060 1096 2090; x_wconf 86' lang='lat' dir='ltr'>ita</span> <span class='ocrx_word' id='word_1_470' title='bbox 1123 2060 1219 2090; x_wconf 87' lang='lat' dir='ltr'>edidi.</span> <span class='ocrx_word' id='word_1_471' title='bbox 1275 2061 1446 2101; x_wconf 86' lang='lat' dir='ltr'>Sophocles</span> 
     </span>
     <span class='ocr_line' id='line_1_85' title="bbox 805 2101 1444 2141; baseline 0.008 -11"><span class='ocrx_word' id='word_1_472' title='bbox 805 2101 877 2131; x_wconf 85' lang='lat' dir='ltr'>OEd.</span> <span class='ocrx_word' id='word_1_473' title='bbox 903 2102 940 2131; x_wconf 94' lang='grc' dir='ltr'>Τ</span> <span class='ocrx_word' id='word_1_474' title='bbox 965 2105 1038 2133; x_wconf 82' lang='grc'>830.</span> <span class='ocrx_word' id='word_1_475' title='bbox 1062 2102 1084 2133; x_wconf 75' lang='grc' dir='ltr'><em>ὦ</em></span> <span class='ocrx_word' id='word_1_476' title='bbox 1111 2105 1188 2134; x_wconf 79' lang='grc' dir='ltr'>θεῶν</span> <span class='ocrx_word' id='word_1_477' title='bbox 1212 2102 1310 2141; x_wconf 76' lang='grc' dir='ltr'>ἁγνὸν</span> <span class='ocrx_word' id='word_1_478' title='bbox 1334 2104 1444 2140; x_wconf 84' lang='grc' dir='ltr'>σέβας.</span> 
     </span>
     <span class='ocr_line' id='line_1_86' title="bbox 804 2143 1443 2184; baseline 0.008 -11"><span class='ocrx_word' id='word_1_479' title='bbox 804 2143 941 2174; x_wconf 84' lang='lat' dir='ltr'>Philoct.</span> <span class='ocrx_word' id='word_1_480' title='bbox 959 2148 1053 2176; x_wconf 81' lang='grc'>1289.</span> <span class='ocrx_word' id='word_1_481' title='bbox 1068 2146 1220 2184; x_wconf 81' lang='grc' dir='ltr'>Ἀπώμοσ’</span> <span class='ocrx_word' id='word_1_482' title='bbox 1236 2145 1333 2184; x_wconf 77' lang='grc' dir='ltr'>ἁγνὸν</span> <span class='ocrx_word' id='word_1_483' title='bbox 1347 2147 1443 2184; x_wconf 80' lang='grc' dir='ltr'>Ζηνὸς</span> 
     </span>
     <span class='ocr_line' id='line_1_87' title="bbox 805 2185 1445 2229; baseline 0.008 -13"><span class='ocrx_word' id='word_1_484' title='bbox 805 2185 935 2225; x_wconf 78' lang='grc' dir='ltr'>ὑψίστου</span> <span class='ocrx_word' id='word_1_485' title='bbox 950 2187 1057 2223; x_wconf 84' lang='grc' dir='ltr'>σέβας.</span> <span class='ocrx_word' id='word_1_486' title='bbox 1080 2188 1249 2228; x_wconf 85' lang='lat' dir='ltr'>Euripides</span> <span class='ocrx_word' id='word_1_487' title='bbox 1265 2188 1356 2229; x_wconf 90' lang='lat' dir='ltr'>Cycl.</span> <span class='ocrx_word' id='word_1_488' title='bbox 1370 2191 1445 2221; x_wconf 84' lang='grc'>580.</span> 
     </span>
     <span class='ocr_line' id='line_1_88' title="bbox 804 2228 1442 2269; baseline 0.008 -11"><span class='ocrx_word' id='word_1_489' title='bbox 804 2228 841 2258; x_wconf 82' lang='grc' dir='ltr'>τὸ</span> <span class='ocrx_word' id='word_1_490' title='bbox 857 2230 919 2260; x_wconf 79' lang='grc' dir='ltr'>πᾶν</span> <span class='ocrx_word' id='word_1_491' title='bbox 931 2242 968 2260; x_wconf 85' lang='grc' dir='ltr'>τε</span> <span class='ocrx_word' id='word_1_492' title='bbox 983 2229 1130 2268; x_wconf 79' lang='grc' dir='ltr'>δαιμόνων</span> <span class='ocrx_word' id='word_1_493' title='bbox 1145 2230 1241 2269; x_wconf 74' lang='grc' dir='ltr'>ἁγνὸν</span> <span class='ocrx_word' id='word_1_494' title='bbox 1252 2231 1360 2267; x_wconf 82' lang='grc' dir='ltr'>σέβας.</span> <span class='ocrx_word' id='word_1_495' title='bbox 1383 2233 1442 2262; x_wconf 84' lang='lat' dir='ltr'>AE—</span> 
     </span>
     <span class='ocr_line' id='line_1_89' title="bbox 805 2272 1441 2313; baseline 0.008 -13"><span class='ocrx_word' id='word_1_496' title='bbox 805 2272 907 2312; x_wconf 82' lang='lat' dir='ltr'>schyl.</span> <span class='ocrx_word' id='word_1_497' title='bbox 926 2273 1058 2302; x_wconf 85' lang='lat' dir='ltr'>Eumen.</span> <span class='ocrx_word' id='word_1_498' title='bbox 1075 2277 1148 2304; x_wconf 84' lang='grc'>888.</span> <span class='ocrx_word' id='word_1_499' title='bbox 1171 2273 1244 2305; x_wconf 78' lang='grc' dir='ltr'>ἀλλ’</span> <span class='ocrx_word' id='word_1_500' title='bbox 1264 2273 1370 2313; x_wconf 80' lang='grc' dir='ltr'>εἰμὲν</span> <span class='ocrx_word' id='word_1_501' title='bbox 1386 2273 1441 2313; x_wconf 75' lang='grc' dir='ltr'>ἀγ</span> 
     </span>
     <span class='ocr_line' id='line_1_90' title="bbox 806 2312 1442 2351; baseline 0.006 -8"><span class='ocrx_word' id='word_1_502' title='bbox 806 2312 857 2343; x_wconf 82' lang='grc' dir='ltr'>νόν</span> <span class='ocrx_word' id='word_1_503' title='bbox 886 2313 956 2345; x_wconf 83' lang='grc' dir='ltr'>ἐστί</span> <span class='ocrx_word' id='word_1_504' title='bbox 984 2328 1033 2346; x_wconf 89' lang='grc' dir='ltr'>σοι</span> <span class='ocrx_word' id='word_1_505' title='bbox 1059 2317 1184 2347; x_wconf 81' lang='grc' dir='ltr'>Πειθοῦς</span> <span class='ocrx_word' id='word_1_506' title='bbox 1206 2315 1315 2351; x_wconf 83' lang='grc' dir='ltr'>σέβας.</span> <span class='ocrx_word' id='word_1_507' title='bbox 1351 2317 1442 2348; x_wconf 84' lang='lat' dir='ltr'>Idem</span> 
     </span>
     <span class='ocr_line' id='line_1_91' title="bbox 805 2356 1443 2399; baseline 0.008 -14"><span class='ocrx_word' id='word_1_508' title='bbox 805 2356 864 2385; x_wconf 90' lang='grc' dir='ltr'>Μ</span> <span class='ocrx_word' id='word_1_509' title='bbox 843 2367 864 2396; x_wconf 60' lang='lat'>3</span> <span class='ocrx_word' id='word_1_510' title='bbox 868 2357 1060 2388; x_wconf 88' lang='lat' dir='ltr'>rmidonibus</span> <span class='ocrx_word' id='word_1_511' title='bbox 1073 2359 1158 2399; x_wconf 87' lang='lat' dir='ltr'>apud</span> <span class='ocrx_word' id='word_1_512' title='bbox 1173 2359 1362 2390; x_wconf 79' lang='lat' dir='ltr'>Athenaeum</span> <span class='ocrx_word' id='word_1_513' title='bbox 1377 2360 1443 2390; x_wconf 86' lang='lat' dir='ltr'>xiii.</span> 
     </span>
     <span class='ocr_line' id='line_1_92' title="bbox 805 2399 1444 2441; baseline 0.008 -13"><span class='ocrx_word' id='word_1_514' title='bbox 805 2409 835 2437; x_wconf 85' lang='lat' dir='ltr'>p.</span> <span class='ocrx_word' id='word_1_515' title='bbox 851 2402 925 2429; x_wconf 81' lang='grc'>602.</span> <span class='ocrx_word' id='word_1_516' title='bbox 941 2399 976 2430; x_wconf 87' lang='grc' dir='ltr'>Ε.</span> <span class='ocrx_word' id='word_1_517' title='bbox 1000 2399 1101 2436; x_wconf 85' lang='grc' dir='ltr'>Σέβας</span> <span class='ocrx_word' id='word_1_518' title='bbox 1116 2400 1149 2432; x_wconf 81' lang='grc' dir='ltr'>δὲ</span> <span class='ocrx_word' id='word_1_519' title='bbox 1161 2403 1265 2441; x_wconf 83' lang='grc' dir='ltr'>μηρῶν</span> <span class='ocrx_word' id='word_1_520' title='bbox 1280 2400 1378 2440; x_wconf 81' lang='grc' dir='ltr'>ἇ-γνὸν</span> <span class='ocrx_word' id='word_1_521' title='bbox 1388 2402 1444 2433; x_wconf 82' lang='grc' dir='ltr'>οὐκ</span> 
     </span>
     <span class='ocr_line' id='line_1_93' title="bbox 805 2440 1442 2484; baseline 0.008 -14"><span class='ocrx_word' id='word_1_522' title='bbox 805 2440 955 2480; x_wconf 86' lang='grc' dir='ltr'>επῃδέσω,</span> <span class='ocrx_word' id='word_1_523' title='bbox 986 2443 1055 2482; x_wconf 84' lang='lat' dir='ltr'>(vel</span> <span class='ocrx_word' id='word_1_524' title='bbox 1084 2444 1119 2474; x_wconf 86' lang='grc' dir='ltr'>οὐ</span> <span class='ocrx_word' id='word_1_525' title='bbox 1143 2443 1314 2484; x_wconf 85' lang='grc' dir='ltr'>κατῃδέσω.</span> <span class='ocrx_word' id='word_1_526' title='bbox 1359 2445 1442 2475; x_wconf 85' lang='lat' dir='ltr'>Vide</span> 
     </span>
     <span class='ocr_line' id='line_1_94' title="bbox 804 2477 1442 2541; baseline 0.01 -29"><span class='ocrx_word' id='word_1_527' title='bbox 804 2483 965 2514; x_wconf 81' lang='lat' dir='ltr'>Plutarch.</span> <span class='ocrx_word' id='word_1_528' title='bbox 980 2485 1066 2515; x_wconf 82' lang='lat' dir='ltr'>Erot.</span> <span class='ocrx_word' id='word_1_529' title='bbox 1079 2496 1111 2526; x_wconf 83' lang='lat' dir='ltr'>p.</span> <span class='ocrx_word' id='word_1_530' title='bbox 1124 2489 1198 2518; x_wconf 89' lang='grc'>751.</span> <span class='ocrx_word' id='word_1_531' title='bbox 1204 2477 1284 2541; x_wconf 50' lang='lat'>&#39;007</span> <span class='ocrx_word' id='word_1_532' title='bbox 1285 2486 1442 2526; x_wconf 81' lang='grc' dir='ltr'>Ωδυσχά-</span> 
     </span>
     <span class='ocr_line' id='line_1_95' title="bbox 802 2528 1440 2570; baseline 0.008 -15"><span class='ocrx_word' id='word_1_533' title='bbox 802 2537 890 2565; x_wconf 83' lang='grc' dir='ltr'>ριστε</span> <span class='ocrx_word' id='word_1_534' title='bbox 915 2529 978 2557; x_wconf 77' lang='grc' dir='ltr'>τῶν</span> <span class='ocrx_word' id='word_1_535' title='bbox 1001 2530 1124 2559; x_wconf 78' lang='grc' dir='ltr'>πυκνῶν</span> <span class='ocrx_word' id='word_1_536' title='bbox 1152 2528 1346 2568; x_wconf 81' lang='grc' dir='ltr'>φιλημάτων·</span> <span class='ocrx_word' id='word_1_537' title='bbox 1369 2539 1440 2570; x_wconf 82' lang='lat' dir='ltr'>quae</span> 
     </span>
     <span class='ocr_line' id='line_1_96' title="bbox 802 2568 1442 2602; baseline 0.01 -6"><span class='ocrx_word' id='word_1_538' title='bbox 802 2568 896 2598; x_wconf 82' lang='lat' dir='ltr'>verba</span> <span class='ocrx_word' id='word_1_539' title='bbox 921 2574 993 2599; x_wconf 87' lang='lat' dir='ltr'>sunt</span> <span class='ocrx_word' id='word_1_540' title='bbox 1018 2571 1156 2601; x_wconf 85' lang='lat' dir='ltr'>Achillei</span> <span class='ocrx_word' id='word_1_541' title='bbox 1177 2571 1216 2600; x_wconf 89' lang='lat' dir='ltr'>ad</span> <span class='ocrx_word' id='word_1_542' title='bbox 1241 2572 1376 2602; x_wconf 83' lang='lat' dir='ltr'>Patrocli</span> <span class='ocrx_word' id='word_1_543' title='bbox 1391 2582 1442 2602; x_wconf 87' lang='lat' dir='ltr'>ca·</span> 
     </span>
     <span class='ocr_line' id='line_1_97' title="bbox 802 2609 1441 2653; baseline 0.008 -14"><span class='ocrx_word' id='word_1_544' title='bbox 802 2609 906 2640; x_wconf 81' lang='lat' dir='ltr'>daver.</span> <span class='ocrx_word' id='word_1_545' title='bbox 950 2611 1107 2653; x_wconf 82' lang='lat' dir='ltr'>Vulgatur</span> <span class='ocrx_word' id='word_1_546' title='bbox 1131 2612 1230 2652; x_wconf 79' lang='grc' dir='ltr'>ἅγιον,</span> <span class='ocrx_word' id='word_1_547' title='bbox 1259 2614 1316 2644; x_wconf 88' lang='lat' dir='ltr'>sed</span> <span class='ocrx_word' id='word_1_548' title='bbox 1345 2613 1441 2653; x_wconf 76' lang='grc' dir='ltr'>ἁγνὸν</span> 
     </span>
    </p>
   </div>
   <div class='ocr_carea' id='block_1_13' title="bbox 802 2653 1440 2688">
    <p class='ocr_par' dir='ltr' id='par_1_18' title="bbox 802 2653 1440 2688">
     <span class='ocr_line' id='line_1_98' title="bbox 802 2653 1440 2688; baseline 0.009 -7"><span class='ocrx_word' id='word_1_549' title='bbox 802 2656 850 2682; x_wconf 81' lang='lat' dir='ltr'>ter</span> <span class='ocrx_word' id='word_1_550' title='bbox 874 2653 949 2684; x_wconf 81' lang='lat' dir='ltr'>citat</span> <span class='ocrx_word' id='word_1_551' title='bbox 972 2654 1155 2686; x_wconf 86' lang='lat' dir='ltr'>Theodorus</span> <span class='ocrx_word' id='word_1_552' title='bbox 1183 2655 1336 2686; x_wconf 75' lang='lat' dir='ltr'>Canterus</span> <span class='ocrx_word' id='word_1_553' title='bbox 1364 2657 1440 2688; x_wconf 84' lang='lat' dir='ltr'>Var.</span> 
     </span>
    </p>
   </div>
  </div>
 </body>
</html>
