1566 2789
139 51 208 100 82

600 53 1097 105 ΕΥΡΙΠΙΔΟΥ

142 177 227 225 Χο.
254 173 410 233 παῖδες
433 176 607 226 τεθνᾶσι
635 174 752 245 >Cetei
780 174 972 246 μητξῴοι
994 173 1127 226 σέθεν.

143 252 216 298 Ια.
245 248 376 316 οἷζωοι,
403 249 449 299 τί
474 247 644 310 λέξειςς
674 248 727 306 ὥς
748 250 797 318 μ’
821 249 1076 309 ἀπώλεο-ας,
1104 247 1252 313 γύναι.

368 320 531 340 ἸνιΙ

700 325 720 334 Α.

143 325 228 373 Xo.
258 323 309 381 ὦς
337 345 467 374 owner
508 346 633 374 οντων
661 347 740 374 σων
768 321 928 382 τέκνων,
956 322 1154 394 φξόντιζε
1187 322 1254 381 δή.

144 399 220 446 Ια.
248 398 333 447 ποῦ
359 399 452 468 ’γάξ
481 421 534 449 νιν
559 393 721 457 ἔκτειν’,
749 397 814 447 {vr

821 394 832 411 Ν
895 394 915 414 sx
937 395 956 414 ,Ι

817 420 871 456 og,
893 421 915 454 77

144 472 228 520 Xo.
256 469 407 529 πύλας
436 471 625 532 ἀνοίξας,
653 473 731 522 σῶν
759 468 907 522 τέκνων
935 469 1045 535 ἕψει
1073 470 1206 534 φόνον.

959 399 1082 457 ἕωθεν
1109 396 1275 464 δόμωνς

1357 484 1467 521 1310

143 546 218 594 Ιοι.
246 549 440 613 χαλᾶτε
469 544 647 615 κλῇδας
677 545 727 602 ὦς
757 546 980 612 τάχιστοι,
1007 543 1263 614 πξόσπολοι·

219 616 397 668 ἓκλῦεθ’
428 616 611 689 ἁξμοὺς,
639 620 689 676 ὦς
718 617 795 668 ι”ὂω
823 618 1002 669 διπλοῦν
1029 616 1180 677 κακον,

219 689 318 749 τοὺς
343 690 425 759 μὲν
453 691 671 751 θανόντας,
698 691 770 749 τὴν
800 691 844 742 δὲ
868 692 1062 758 τίσωμοιι
1090 691 1212 757 φόνῳ.

147 767 246 824 Mn.
276 765 323 816 τί
341 764 482 816 τάσδε
511 771 638 822 κινεῖς
666 764 1035 834 κάναμοχλεύεις
1063 764 1227 824 πύλας,

223 898 349 935 1314.
391 885 490 941 Mn.
513 881 561 933 τί
575 880 729 933 τούσδε
750 887 875 940 κινεῖς
897 879 1266 950 κᾶνοιμοχλεῦεις
1289 880 1465 947 λόγους,

188 1003 282 1032 1306.
305 1002 399 1039 Quod
422 1002 548 1043 praefert
570 1003 784 1043 Musgravius,

143 1045 250 1075 παῖδες
278 1044 368 1076 σέθεν
396 1046 521 1077 τεθνᾶσι
549 1044 677 1086 μητρῴᾳ
703 1045 783 1086 χερὶ,

142 1097 207 1117 non
222 1092 271 1117 est
285 1087 369 1118 varia
390 1089 496 1124 lectio,
513 1090 568 1118 sed
584 1090 660 1119 ordo
678 1089 785 1119 verbo-

144 1140 211 1160 rum
226 1140 243 1159 a
258 1130 434 1161 Seholiaste
449 1132 632 1172 explicatus.

190 1175 284 1204 1308.
306 1173 362 1204 οὐκ
376 1174 418 1204 ἔτ’
435 1174 524 1204 Lasc.
539 1174 616 1204 Ald.

190 1218 203 1245 l
212 1217 284 1247 313.
306 1215 398 1253 τήνδε
411 1217 446 1247 L.
455 1217 586 1256 τίσωμαι
598 1216 685 1254 δίκην
694 1216 787 1247 Lasc.

145 1257 225 1288 Ald.
247 1257 373 1298 τίσομαι
387 1259 480 1300 φόνῳ,
505 1262 588 1300 quod
610 1261 729 1290 habent
745 1259 786 1290 A.

144 1301 185 1330 B.
201 1301 244 1331 D.
261 1301 319 1337 El„
342 1303 443 1332 edidit
464 1303 654 1333 Brunckius.
700 1303 789 1333 Duas

144 1343 295 1374 lectiones
309 1355 326 1375 e
343 1344 381 1375 C.
396 1346 518 1376 notavit
539 1347 681 1381 collatur,
703 1345 788 1386 φόνῳ

144 1391 178 1415 et
205 1385 310 1425 φόνον,
334 1397 466 1427 quarum
491 1399 593 1429 neque
623 1390 688 1419 haec
714 1399 788 1419 con-

146 1430 317 1459 temnenda
338 1435 398 1461 est.
444 1431 601 1471 [Adverte
629 1438 788 1462 construc-

144 1471 263 1501 tionem
277 1472 427 1504 variatam
441 1475 574 1504 transitu
590 1485 607 1504 a
623 1475 788 1509 pafflffipio

146 1513 187 1543 ad
203 1514 331 1544 verbum
345 1516 487 1551 finitum3
513 1513 597 1553 quod
620 1512 737 1552 passim
754 1512 789 1541 fit

145 1556 178 1585 in
195 1555 389 1597 periodorum
405 1555 554 1586 membris
568 1565 626 1595 per
639 1553 698 1593 μὲν
712 1559 744 1584 et
755 1553 787 1585 δὲ

147 1599 305 1629 similesve
317 1599 513 1639 copulativas
523 1598 654 1638 junctis.
671 1597 712 1628 V.
722 1602 787 1628 not.

146 1643 185 1671 ad
204 1641 340 1681 Dionysi.
356 1642 459 1672 Haiic.
473 1642 512 1672 de
528 1641 567 1671 C.
581 1641 623 1671 V.
640 1651 671 1682 p.
687 1643 739 1671 31.
763 1651 789 1671 s,

150 1685 192 1715 G.
212 1684 259 1715 Η.
277 1685 330 1725 8.]

192 1729 286 1758 1314.
308 1727 359 1757 Sic
384 1727 501 1757 habent
525 1736 634 1757 omnes
657 1724 730 1756 edd.
757 1730 791 1756 et

148 1769 229 1801 Mss.
245 1770 266 1799 ii
282 1774 378 1805 certe,
395 1779 524 1809 quorum
535 1769 703 1799 van‘etates
714 1779 791 1798 eno-

148 1817 222 1842 tatae
237 1818 308 1842 sunt
321 1823 329 1850 3
354 1818 387 1843 et
410 1813 455 1842 sic
479 1812 638 1852 scripsisse
663 1811 789 1852 quidem

149 1855 347 1896 Euripidem,
376 1855 432 1884 sed
455 1865 518 1885 non
534 1855 572 1884 ab
586 1854 691 1889 initio,
709 1854 788 1883 arbi-

149 1904 224 1927 tror.
258 1898 348 1928 Citat
361 1897 443 1928 enim
460 1896 718 1936 scriptor-Christi
729 1896 789 1926 Pa-

148 1941 261 1970 tientis
277 1943 349 1971 120.
367 1939 426 1970 Καὶ
448 1939 562 1970 τούσδε
581 1940 672 1970 κινεῖς
698 1938 791 1969 κάνα-

149 1982 317 2022 μοχλεύεις
340 1982 466 2021 λόγους,
489 1988 520 2012 et
541 1982 655 2012 iterum
667 1984 741 2012 436.
756 1980 793 2012 Τί

148 2026 262 2057 τούσδε
278 2027 369 2056 κινεῖς
385 2025 631 2064 κᾶναμοχλεύεις
652 2023 769 2062 λόγους
783 2035 791 2061 ;

149 2068 191 2098 Et
206 2078 386 2108 quanquam
397 2079 461 2097 non
473 2069 598 2097 omnino
607 2069 670 2098 τῶν
682 2066 792 2097 ἀδυνά-

148 2122 212 2141 των
226 2121 295 2141 esse
313 2111 539 2145 affirmaverim,
551 2111 644 2140 talem
662 2110 793 2149 scripto-

149 2163 215 2183 rem
228 2154 388 2193 vulgatam
401 2153 569 2183 lectionem
582 2153 615 2181 in
630 2154 711 2182 hanc
726 2163 792 2181 me-

149 2197 311 2236 taphoram
333 2196 520 2236 detorquere
543 2195 694 2234 potuisse,
721 2204 792 2234 pro-

149 2238 288 2268 babilius
303 2238 456 2273 existimo,
472 2243 609 2267 nostrum
626 2237 725 2277 primo
738 2236 793 2267 λό-

150 2292 228 2319 γους
235 2281 406 2321 scripsisse,
416 2280 531 2310 deinde
545 2281 655 2309 duram
665 2280 793 2319 phrasin

151 2324 292 2353 emollire
315 2323 464 2353 voluisse.
508 2321 578 2352 Nec
604 2322 718 2351 desunt
732 2322 794 2352 alia

151 2371 346 2407 argumenta,
358 2376 428 2405 quae
441 2367 520 2395 hanc
532 2365 724 2395 sententiam
737 2375 792 2404 pe-

150 2418 191 2439 ne
207 2419 312 2439 veram
330 2418 399 2438 esse
422 2409 581 2438 evincant.
625 2407 664 2436 In
682 2407 793 2437 Helio-

150 2451 220 2481 dori
236 2450 426 2491 AEthiopicis
443 2451 470 2480 Ι.
485 2461 556 2490 pag.
570 2453 621 2480 15.
638 2450 793 2486 Cnemon‚

151 2494 191 2524 de
206 2493 338 2523 fortunis
350 2494 415 2523 suis
428 2503 446 2523 a
460 2492 629 2533 Theagene
642 2498 672 2522 et
686 2493 794 2523 Chari-

151 2537 221 2566 clea
243 2536 418 2576 importune
443 2536 663 2574 interrogatus,
689 2535 794 2565 excla-

154 2584 228 2613 mat,
253 2577 289 2608 Τί
303 2579 403 2608 ταῦτα
418 2579 510 2609 κινεῖς
525 2577 773 2618 κᾶναμοχλεύεις
786 2588 794 2615 ;

152 2622 246 2652 τοῦτο
261 2620 297 2659 δὴ
308 2620 347 2651 τὸ
361 2623 424 2652 τῶν
438 2622 615 2663 τραγῳδῶν·
640 2631 735 2661 quem
748 2620 794 2650 10-

830 1012 902 1032 cum
931 1012 968 1032 ex
998 1000 1147 1042 Euripide
1183 1005 1320 1031 sumtum
1354 1001 1476 1031 monuit

830 1043 964 1074 Koenius
980 1045 1020 1074 ad
1035 1043 1220 1084 Gregon'um
1237 1054 1309 1084 pag.
1330 1047 1394 1080 89„
1417 1045 1474 1073 sed

830 1088 911 1117 nihil
924 1088 1089 1128 quicquam
1106 1087 1145 1116 de
1161 1087 1244 1117 varia
1258 1086 1392 1117 lectione
1404 1096 1473 1116 sus-

830 1130 953 1170 picatus
969 1136 1029 1160 est.
1073 1130 1194 1160 Verum
1215 1140 1280 1159 rem
1303 1139 1374 1159 esse
1389 1128 1476 1159 omni

831 1173 1037 1203 admiratione
1072 1172 1288 1212 dignissimam
1322 1172 1477 1202 fateamur

831 1226 962 1246 necesse
979 1221 1038 1252 est,
1054 1216 1080 1245 si
1096 1215 1158 1245 duo
1173 1216 1314 1245 homines
1329 1220 1394 1245 tam
1409 1213 1473 1244 dis-

832 1260 914 1299 paris
938 1259 1070 1300 ingenii,
1094 1268 1189 1299 quam
1211 1258 1339 1288 fuerunt
1363 1257 1474 1287 Helio-

832 1302 924 1332 dorus
940 1308 973 1332 et
1002 1301 1329 1342 Pseudo-Gregorius,
1362 1299 1474 1330 iisdem

831 1346 942 1386 tragici
963 1345 1068 1375 verbis
1091 1345 1125 1374 in
1151 1345 1284 1374 eandem
1314 1342 1476 1383 parodiam

832 1389 1045 1418 abuterentur.
1091 1387 1196 1418 Credo
1226 1387 1333 1427 igitur,
1361 1385 1394 1415 in
1418 1395 1476 1415 suo

832 1430 961 1461 Medeae
991 1431 1164 1471 exemplari
1191 1429 1399 1461 Heliodorum
1424 1429 1475 1458 vel

832 1474 946 1507 τούσδε
967 1474 1084 1514 λόγους
1106 1475 1154 1514 ξ’θῐ
1179 1474 1279 1498 “flam
1307 1471 1366 1504 ’4⁹³⁷
1390 1471 1476 1498 ¹¹³⁶*

833 1510 929 1540 nisse.
974 1514 1052 1540 flaec
1068 1519 1155 1539 emm
1179 1509 1275 1539 verba.
1298 1519 1381 1550 saepe
1406 1520 1480 1551 per-

833 1558 1004 1588 mutantur,
1017 1552 1186 1593 quomodo,
1198 1562 1238 1582 ne
1250 1553 1343 1592 longe
1356 1552 1479 1590 abeam,

834 1596 915 1626 infra
931 1599 1026 1626 1401.
1053 1594 1151 1633 λόγος
1172 1595 1264 1626 Lasc.
1280 1595 1356 1626 Ald.
1371 1596 1424 1626 ubi
1439 1605 1479 1626 ex

834 1638 877 1669 A.
893 1640 933 1669 B.
950 1639 993 1669 D.
1018 1638 1061 1679 (δ’
1092 1638 1165 1669 ἔπος
1189 1638 1251 1679 A.)
1279 1637 1354 1669 ἔπος
1377 1638 1479 1670 edidit

834 1682 1050 1722 Musg-ravius.
1083 1681 1205 1711 Notum
1219 1685 1278 1716 est,
1292 1681 1480 1722 Aristopha-

834 1734 908 1754 nem
923 1725 955 1754 in
972 1724 1128 1762 Nubibus,
1156 1724 1232 1754 dum
1251 1723 1413 1754 Socratem
1427 1725 1477 1755 in—

836 1772 984 1803 sectatur,
1007 1777 1072 1796 non
1087 1767 1190 1797 minus
1212 1766 1322 1797 acerbe
1337 1766 1370 1797 in
1386 1767 1477 1797 Euri-

834 1810 939 1849 pidem
956 1810 1074 1840 invehi.
1107 1809 1281 1850 Postquam
1294 1808 1388 1849 igitur
1402 1809 1479 1840 Phi—

835 1853 982 1892 dippides
998 1863 1034 1882 ex
1050 1852 1210 1892 Euripidis
1225 1852 1322 1882 AEolo
1343 1852 1480 1882 incestos

836 1905 958 1925 amores
973 1895 1098 1931 cecinit,
1116 1900 1158 1930 et,
1175 1905 1191 1924 a
1201 1899 1289 1935 patre
1300 1899 1478 1931 accusatus,

836 1948 868 1968 se
885 1937 1053 1968 defendere
1069 1943 1168 1978 parat,
1185 1947 1255 1967 eum
1272 1937 1316 1967 sic
1339 1938 1479 1967 hortatur

838 1980 959 2010 Chorus
985 1983 1079 2011 1399.
1111 1979 1173 2012 Σὸν
1199 1979 1300 2020 ἔργον,
1329 1979 1352 2010 ὦ
1364 1981 1475 2011 καινῶν

837 2024 918 2054 ἐπῶν
933 2022 1044 2059 κινητὰ
1055 2022 1105 2054 καὶ
1116 2022 1290 2062 μοχλευτὰ,
1302 2023 1400 2053 Πειθώ
1409 2033 1479 2053 τινα

837 2064 951 2104 ζητεῖν,
981 2065 1062 2096 ὅπως
1099 2065 1194 2104 δόξεις
1222 2063 1330 2104 λέγειν
1367 2065 1478 2096 δίκαια.

837 2109 957 2139 Vocem
973 2114 1067 2137 antea
1089 2109 1234 2138 omissam
1259 2108 1340 2138 ἐπῶν
1362 2118 1380 2137 e
1396 2108 1478 2139 Mss.

835 2151 977 2181 restituit
991 2150 1159 2185 Kusterus‚
1176 2149 1362 2191 quibuscum
1384 2151 1479 2190 pleri-

837 2204 897 2233 que
929 2193 1130 2224 consemiunt
1143 2204 1151 2231 3
1190 2193 1334 2222 nonnulli
1374 2192 1479 2231 λόγων

836 2237 923 2271 dant,
946 2241 1029 2266 certe
1055 2235 1128 2271 duo,
1153 2244 1231 2275 quos
1256 2235 1321 2274 ipse
1342 2234 1479 2275 inspexi.

837 2280 942 2315 Quare
971 2278 1129 2314 existimo,
1164 2277 1346 2317 Euripidem
1378 2277 1479 2317 primo

837 2322 1011 2361 scripsisse,
1034 2321 1118 2360 quod
1142 2320 1176 2350 in
1199 2319 1340 2360 margine
1365 2320 1478 2360 posui;

837 2364 963 2399 deinde,
989 2364 1027 2393 ab
1043 2363 1259 2402 Aristophane
1280 2367 1409 2403 propter
1422 2363 1480 2392 du-

836 2407 949 2436 riorem
964 2407 1174 2446 metaphoram
1188 2405 1223 2434 in
1238 2414 1333 2435 scena
1354 2405 1478 2435 traduc-

838 2454 912 2484 tum,
921 2449 1078 2488 vulgatam
1088 2448 1256 2478 lectionem
1266 2447 1479 2483 substituisse,

839 2497 872 2521 ut
887 2501 984 2531 supra
998 2494 1071 2522 300.
1099 2490 1174 2520 Alia
1187 2491 1257 2520 loca
1272 2489 1434 2530 Euripidis
1447 2490 1481 2520 in

838 2534 897 2564 isto
912 2534 1050 2564 dramate
1067 2533 1131 2563 risit
1145 2532 1292 2568 comicus,
1312 2537 1427 2573 praeter
1440 2542 1479 2562 ea

839 2587 908 2617 quae
925 2576 1026 2606 critici
1040 2580 1200 2607 notarunt.
1244 2575 1315 2606 Hoc
1336 2574 1479 2615 suspicor

839 2619 878 2649 de
896 2622 968 2651 319.
991 2618 1048 2649 sed
1068 2628 1173 2655 nemo,
1195 2617 1317 2659 opinor,
1342 2617 1479 2648 monitus
