1566 2789
514 512 754 563 INDEX
811 512 1145 562 LATINUS.

466 801 509 832 A,

164 889 361 920 Accentuum
376 887 456 918 ratio
469 888 501 917 in
517 886 640 927 χρήστ’,
652 887 734 923 δείν’,
748 892 807 918 etc.

209 936 304 964 1171.
339 930 394 970 [In
421 930 551 960 Homeri
578 930 617 959 11.
633 930 717 962 xxiii.
732 934 806 961 144.

207 975 303 1005 etiam
338 974 506 1004 novissima
533 972 688 1004 Wolfiana
715 974 809 1003 habet

206 1017 363 1057 Σπερχεῗ,
375 1027 444 1047 cum
462 1027 489 1045 v.
504 1018 577 1047 142.
587 1016 700 1046 habeat
711 1019 809 1056 Σπερ-

206 1062 293 1102 χειῷ.
338 1060 425 1090 Add.
444 1058 536 1090 Reiz.
553 1058 592 1088 de
608 1058 742 1090 Accent.
759 1059 810 1089 ln-

206 1104 280 1134 clin.
296 1113 328 1143 p.
345 1105 417 1133 118.
434 1112 458 1132 S.
483 1102 526 1132 G.
543 1102 591 1133 H.
607 1102 660 1142 S.]

163 1145 372 1177 AccusatIvus
402 1145 516 1186 duplex
543 1154 561 1174 a
591 1145 681 1175 verbo
707 1149 809 1175 rectus

135 1228 138 1232 ’
162 1232 331 1273 Adjectiva
352 1231 457 1261 onmia
478 1230 649 1270 composita
668 1236 698 1261 ct
720 1230 752 1260 in
776 1242 809 1262 os

206 1275 372 1305 terminata
382 1274 464 1313 apud
481 1273 709 1312 antiquissimos
721 1273 808 1304 Grae-

205 1328 259 1348 cos
272 1329 326 1358 per
338 1317 396 1347 tria
407 1326 520 1357 genera
531 1316 767 1346 declinabantur
779 1327 810 1346 v-

208 1360 375 1402 Adjectiva
391 1366 423 1389 et
444 1359 591 1389 adverbia
606 1359 734 1389 confusa
746 1362 810 1390 979

163 1403 323 1434 Adverbia
338 1409 368 1433 et
383 1402 541 1442 adjectiva
553 1402 683 1432 confusa
703 1405 766 1433 979

164 1447 333 1477 AEschines
363 1445 477 1475 Orator
511 1445 582 1474 loca
610 1444 807 1485 Tragicorum

207 1488 437 1530 pronuntiando
452 1487 589 1527 corrupit
605 1490 620 1518 1

164 1531 432 1572 Anantapodoton
445 1529 587 1561 Atticum
613 1528 697 1561 Add.
715 1532 797 1561 1161

163 1575 336 1615 Anapaesti.
362 1574 435 1604 Non
445 1572 631 1604 admittendi
643 1574 675 1603 in
687 1573 808 1613 paribus

208 1619 393 1648 senariorum
423 1616 500 1646 locis
523 1616 554 1646 ii.
588 1626 629 1646 ne
659 1616 693 1645 in
716 1616 807 1645 tertio

207 1660 334 1701 quidem
364 1665 418 1690 aut
440 1659 550 1699 quinto
573 1658 618 1688 iii.
641 1658 702 1688 xiv.
746 1658 807 1688 Ex-

208 1702 313 1744 ceptio
342 1702 433 1742 hujus
468 1702 581 1742 regulae
612 1701 675 1731 xiv.
722 1700 808 1731 Ana-

208 1751 326 1786 paestus
341 1745 466 1786 dactylo
481 1745 513 1774 in
529 1744 724 1784 anapaesticis
736 1745 807 1774 sub-

204 1788 262 1829 jici
276 1798 339 1818 non
356 1793 459 1828 potest
474 1787 573 1817 xxxvii

164 1830 465 1870 Antistrophicorum
477 1829 637 1870 responsio
652 1829 695 1859 vii

165 1873 283 1904 Aoristi
298 1877 328 1905 1.
343 1872 374 1904 et
390 1877 420 1904 2.
439 1884 520 1912 pass.
531 1875 592 1903 335

165 1916 326 1947 Articulus
350 1916 381 1946 in
408 1915 564 1946 trochaico
582 1915 698 1954 tragico
719 1925 810 1955 quar-

208 1966 272 1989 tum
293 1958 406 1999 pedem
418 1969 481 1988 non
497 1958 639 1988 terminat
655 1957 736 1988 xxxi.
760 1968 808 1988 ra-

206 2002 292 2032 tione
316 2012 438 2031 caesurae
461 2001 493 2030 in
509 2001 704 2040 anapaesticis
720 2011 808 2032 xxxv.

209 2044 342 2075 Articuli
358 2054 440 2083 saepe
455 2044 541 2073 nullo
560 2043 630 2084 jure
652 2044 683 2072 in
700 2044 811 2073 choros

207 2087 345 2117 invasere
359 2090 420 2118 451

164 2130 329 2171 Asyndeta
349 2129 526 2159 Homerica.
557 2128 598 2158 V,
615 2139 637 2157 s.
654 2140 681 2158 v.
697 2129 808 2159 Trans-

209 2179 324 2212 posmo

165 2214 379 2255 Augmentmn
407 2225 445 2244 an
467 2213 605 2253 Tragicis
631 2215 807 2254 neglectum

208 2258 243 2288 ii.
270 2258 321 2288 xii.
343 2260 417 2288 578.
441 2260 536 2288 1176.
579 2256 681 2296 [Add.
709 2257 808 2297 Phry-

207 2301 316 2330 nichus
328 2310 378 2339 ap.
390 2300 495 2330 Tzerz.
509 2299 548 2328 ad
562 2299 721 2339 Lycophr.
732 2302 807 2330 433.

211 2344 252 2374 G.
269 2343 315 2374 H.
333 2343 384 2384 S.]
411 2343 620 2383 Augmentum
636 2342 750 2382 duplex
768 2342 808 2371 xii

470 2427 510 2457 Β.

165 2513 299 2544 Bacchae
354 2512 593 2553 Euripidearum
637 2512 809 2544 fabularum

207 2555 433 2596 corruptissima
446 2556 468 2586 ii

854 800 1032 832 Brunckius
1046 802 1190 832 lectorem
1207 802 1306 833 celare
1323 802 1412 838 solet,
1428 814 1497 834 cum

896 845 1012 874 alienas
1027 845 1222 885 conjecturas
1235 846 1364 885 adoptat
1377 849 1441 878 459

1157 973 1194 1005 C.

856 1055 989 1087 Caesurae
1005 1058 1068 1088 xiii.
1082 1069 1169 1088 xxxv.
1184 1062 1266 1090 1141

856 1100 993 1130 Casuum
1020 1102 1215 1142 obliquorum
1250 1103 1329 1133 ratio
1359 1108 1391 1134 et
1427 1113 1497 1134 usus

899 1147 982 1174 1062
1063 1178 1065 1180 ¹

856 1185 988 1217 Chorica
1003 1192 1173 1227 systemata
1185 1188 1226 1217 vii

856 1230 994 1259 Christus
1008 1230 1148 1266 Patiens,
1163 1230 1269 1261 drama
1286 1234 1301 1261 l

856 1271 1019 1303 Chronica}
1034 1274 1265 1304 enuntiationes
1279 1276 1340 1305 109

856 1314 1111 1346 Circumlocutio.
1156 1316 1234 1347 Cum
1261 1316 1365 1347 Graeci
1393 1326 1497 1356 perso-

898 1368 971 1387 nam
1007 1358 1278 1390 circumlocutione
1312 1359 1501 1400 significant,

898 1400 938 1430 ad
953 1401 1047 1441 ipsam
1064 1413 1224 1443 personam
1241 1413 1334 1443 quam
1351 1402 1497 1433 citissime

894 1450 1088 1475 revertuntur
1102 1449 1163 1478 293

855 1485 986 1517 Codices
1004 1488 1159 1528 Euripidis
1174 1489 1202 1519 ix

855 1529 977 1560 Comici
1016 1531 1290 1562 familiarissimum
1326 1541 1498 1562 sermonem

897 1572 1056 1603 imitantur
1077 1574 1140 1605 xiii.
1187 1575 1380 1606 Comicorum
1397 1575 1500 1615 jocus,

897 1625 958 1655 quo
982 1621 1118 1646 actorem
1141 1628 1292 1657 personae,
1308 1627 1400 1657 quam
1424 1616 1497 1657 agit,

897 1657 1037 1688 oblivisci
1060 1659 1189 1699 faciunt,
1205 1666 1236 1690 et
1251 1659 1289 1689 de
1309 1661 1431 1690 theatro
1447 1664 1499 1690 aut

897 1702 1133 1739 spectatoribus,
1150 1704 1235 1743 quasi
1257 1703 1497 1743 imprudentem,

897 1743 981 1783 loqui
998 1745 1087 1774 xxxix

856 1785 1067 1825 comparativi
1105 1793 1137 1817 et
1167 1787 1345 1828 superlativi
1378 1787 1498 1818 confusi

899 1831 983 1859 1200

856 1870 1073 1911 Compositum
1090 1872 1197 1902 melius
1209 1873 1383 1913 composito
1399 1883 1498 1913 oppo-

897 1914 990 1949 nitur,
1013 1925 1103 1955 quam
1127 1915 1260 1955 simplici
1282 1919 1357 1946 435.
1403 1915 1497 1946 Com-

899 1958 1066 1995 positorum
1081 1958 1243 1987 verborum
1255 1957 1497 1998 disjunctionem

897 2000 929 2028 in
945 2011 1049 2030 versus
1073 2001 1134 2030 fine
1157 2011 1194 2030 an
1220 2000 1375 2040 patiantur
1390 2002 1497 2042 tragici

898 2044 1008 2073 senarii
1024 2046 1086 2073 719

856 2084 1082 2125 Conjniictivus
1112 2084 1261 2125 χαίρωσιν
1283 2096 1321 2116 an
1350 2096 1406 2126 pro
1427 2087 1497 2125 χαί-

896 2139 984 2166 ροιεν,
1009 2136 1062 2158 aut
1086 2135 1139 2168 pro·
1161 2127 1299 2168 χαίροιεν
1312 2129 1360 2168 ἂν,
1375 2133 1428 2159 aut
1443 2140 1497 2170 pro

896 2170 1066 2211 χαιρόντων
1080 2172 1154 2211 poni
1171 2172 1342 2210 possit-'126

855 2213 1021 2243 Conversio
1037 2214 1183 2244 orationis
1197 2217 1208 2244 l
1220 2216 1291 2245 179.
1311 2217 1388 2246 1261

855 2256 981 2296 Copula
995 2266 1014 2286 a
1027 2257 1155 2286 librariis
1169 2257 1280 2287 omissa
1295 2260 1375 2288 1141

856 2298 1050 2339 Corruptelae
1073 2300 1165 2329 etiam
1189 2300 1352 2330 levissimae
1369 2305 1499 2340 quantas

897 2341 1052 2372 interdum
1069 2343 1172 2372 turbas
1186 2342 1330 2373 dederint
1343 2345 1406 2375 782

1153 2469 1195 2499 D.

857 2553 1011 2597 Dactylus
1038 2555 1068 2586 in
1093 2555 1220 2586 senariis
1246 2555 1309 2586 xiii.
1332 2556 1365 2586 in
1387 2555 1495 2596 quinta
