1606 2803
623 71 944 120 EKABH.

1354 77 1419 125 21

161 192 254 248 ουδ’
286 219 587 267 ευτυχουντοις
617 195 664 249 εὐ
692 197 831 250 δοκειν
851 222 886 250 π·
883 200 1081 271 ξάξειν’
1059 199 1147 251 ael.

160 269 297 336 κάγω
324 272 419 343 γὰρ
447 279 493 330 ἦν
519 273 628 334 ποτ’,
656 274 794 324 ἀλλὰ
812 275 876 325 νῦν
904 274 984 325 οὐκ
1012 273 1100 365 εἰμ’
1131 271 1212 326 ἔτι·

161 369 230 396 τον
256 347 408 398 πάντα
431 345 465 398 δ’
496 344 686 410 ὁλβον’
660 372 786 420 ημοιξ
814 347 852 400 ἓν
871 349 921 418 μ’
952 349 1185 415 ἀφείλετο

1340 365 1424 403 285

158 418 286 482 ἀλλ,
314 446 344 471 ω
368 421 497 487 φίλον
526 421 694 487 γένειον,
722 421 954 483 αἱδέσθητῖ
976 447 1037 494 με
1039 468 1050 485 ,

158 495 382 568 οἱκτειξον·
413 495 544 548 {aem
572 496 607 549 δ’
638 500 697 556 εἷς
722 495 958 568 Ἀχαὶκον
980 522 1182 571 στξοιτον,

156 570 477 642 παξηγόξησον,
504 573 556 631 ὦς
585 573 854 625 ἀποκτείνειν
875 572 1023 639 φθονος

157 651 394 710 γυναῖκας,
420 643 477 705 οἳς
505 649 718 719 τοπξῶτον
745 672 825 699 ουκ
854 648 1078 701 {nv-sivan

151 720 360 790 βωμῶν’
338 723 700 783 αποσπόισοιντες,
728 720 844 774 ἀλλ
871 723 1131 795 ῳκτεῖξοιτε.

1336 738 1420 775 290

155 796 281 865 νόμος
306 794 383 847 δ’
370 818 408 847 εν
436 796 537 866 ὑμῖν
565 821 655 856 τοις
677 794 716 848 τ’
744 797 1038 869 ἐλευθέξοις”
1012 821 1106 856 ισος

153 871 234 922 καὶ
263 875 376 922 τοῖσι
406 869 580 930 δούλοις
602 871 806 940 αἳματος
835 877 983 923 κεῖται
1005 873 1119 960 πέρι.

152 968 203 996 το
232 943 269 997 δ’
296 944 495 1015 ἀξίωμα,
521 943 607 997 κᾶν
633 948 783 1005 κακῶς
806 947 960 1017 λέγης,
989 970 1037 998 το
1059 969 1131 998 σον

77 1084 255 1116 Brunckius
270 1095 308 1115 ex
320 1084 498 1126 conjectura
511 1087 634 1124 propter
648 1094 723 1125 χρε-

77 1129 120 1160 ὼν
133 1128 163 1158 in
180 1127 306 1158 vicinia.
350 1126 470 1157 Eadem
484 1126 523 1156 de
536 1137 632 1158 causa
646 1131 722 1159 969.

77 1171 141 1212 χρὴ
162 1172 196 1202 in
216 1172 266 1202 δεῖ
283 1171 427 1201 mutavit.
474 1169 554 1206 Quis
569 1175 641 1211 post
656 1171 723 1202 haec

76 1215 185 1246 credat
198 1215 232 1246 in
249 1215 369 1246 Bacch.
384 1216 458 1245 507.
479 1215 604 1255 (515.),
627 1224 722 1255 quam

75 1258 213 1289 fabulam
228 1268 293 1289 una
306 1268 378 1288 cum
392 1257 525 1288 Hecuba
540 1257 653 1293 edidit,
677 1267 723 1287 re-

74 1301 220 1332 licturum
241 1302 338 1333 fuisse
360 1301 566 1335 Brundi-ium,
584 1300 645 1336 am
659 1299 722 1342 ’γὰρ

74 1344 118 1382 μὴ
136 1345 250 1386 χρεὼν,
267 1345 353 1377 οὔτοι
376 1344 478 1386 χρεὼν
496 1344 634 1375 Παθεῖνὲ
657 1344 721 1385 χρὴ

75 1387 171 1418 habet
191 1389 289 1419 etiam
311 1388 454 1419 Stobaeus
475 1398 548 1428 pag.
569 1390 645 1418 435.
668 1388 721 1419 ed.

76 1430 163 1462 Grot.
173 1432 228 1472 qui
238 1436 391 1473 praeterea
399 1430 456 1462 τὸν
464 1430 640 1471 κρατοῦντα
648 1441 657 1469 ;
665 1430 722 1461 sed

74 1474 202 1515 vulgata
213 1475 333 1505 melior.

116 1520 194 1549 283.
224 1517 376 1558 πράττειν
408 1518 489 1548 Mss.
521 1527 584 1547 non
615 1516 720 1557 pauci.

74 1560 151 1591 {8on
172 1571 228 1602 pro
248 1562 304 1592 οὐκ
328 1561 386 1599 εἴμ’
409 1560 456 1591 ἔτι
479 1560 510 1591 J.
533 1558 636 1591 οὐκέτ’
659 1559 719 1599 εἷμὶ

73 1604 178 1640 habet,
194 1603 293 1642 δούλη
308 1602 399 1635 σέθεν
415 1603 503 1634 Harl.
518 1603 649 1633 Barocc.
665 1606 718 1635 37.

74 1656 168 1686 prave
184 1657 222 1678 ex
234 1651 310 1680 797.
326 1645 476 1687 πράττειν
490 1650 523 1677 et
534 1646 589 1677 οὐκ
601 1645 658 1685 εἴμ’
671 1644 718 1677 ἔτι

36 1711 39 1718 .
72 1689 225 1722 Stobaeus.

116 1737 192 1766 287.
220 1733 262 1764 Et
290 1734 341 1764 hic
368 1738 400 1764 et
428 1733 509 1764 infra
538 1734 614 1764 508.
641 1735 717 1764 519.

73 1777 234 1815 Ἀχαιῖκὸς
269 1777 436 1807 ediderunt
472 1776 650 1807 Brunckius
687 1780 721 1806 et

73 1820 222 1856 Beckius,
239 1831 302 1861 qua
315 1821 435 1851 ratione
450 1819 588 1861 impulsi,
599 1820 719 1850 nescio.

72 1864 212 1894 Atticum
237 1869 287 1894 est
312 1864 454 1899 alterum,
485 1863 518 1893 in
542 1873 604 1903 quo
628 1863 706 1892 Mss.
699 1883 720 1897 .‚

71 1912 157 1938 certe
184 1907 337 1948 plerique,
369 1907 579 1937 consentiunt.
632 1905 715 1935 Nam

72 1951 128 1980 viri
144 1951 256 1992 optimi
272 1951 295 1980 F
299 1960 427 1981 ranciscr
450 1949 582 1989 Oudiui,
605 1948 660 1990 qui
682 1948 715 1979 in

72 1993 169 2024 Misc.
183 1994 259 2024 Obs.
276 1993 359 2024 Nov.
376 1994 438 2024 vol.
455 2005 484 2024 v.
500 2004 532 2034 p.
545 1996 621 2024 431.
638 2004 658 2022 α
682 1992 714 2022 ἰη

71 2037 120 2066 his
136 2037 235 2067 verbis
247 2037 360 2078 corripi
375 2036 539 2067 contendit
553 2046 590 2066 ex
610 2035 715 2066 Attico

69 2081 128 2110 isto
145 2086 152 2098 ‘
163 2081 182 2112 J
185 2080 343 2111 udaicum’
355 2081 438 2121 apud
451 2080 471 2111 J
474 2080 637 2110 uvenalem
654 2078 715 2108 xiv.

73 2125 145 2154 101.
167 2124 254 2154 nulla
275 2123 353 2154 ratio
375 2123 520 2153 habenda
542 2130 600 2152 est.
646 2121 715 2161 [Cf.

71 2166 190 2198 Osann.
214 2166 362 2208 Inscript.
384 2166 429 2197 iii.
452 2177 485 2208 p.
506 2168 580 2197 110.
596 2175 643 2206 sq.
670 2165 713 2196 G.

112 2209 188 2284 293].
212 2252 294 2295 λέγῃ
306 2263 413 2283 omnes
423 2252 497 2283 edd.
507 2256 581 2282 vett.
594 2256 627 2281 et
637 2251 715 2282 Mss.

69 2306 141 2326 cum
166 2296 272 2327 Gellio
294 2297 335 2327 xi.
350 2299 382 2327 4.
405 2300 438 2325 et
453 2295 576 2325 Stobaeo
594 2305 623 2335 p.
641 2297 715 2326 173.

72 2338 140 2378 [Sic
156 2339 248 2369 etiam
263 2339 394 2369 Tzetzes
411 2348 466 2368 suo
482 2338 515 2368 in
532 2337 611 2367 libro
627 2337 714 2378 legit.

71 2382 167 2423 Exeg.
179 2383 211 2412 in
222 2382 314 2413 Iliad.
327 2393 359 2423 p.
351 2386 398 2412 .5.
410 2385 460 2412 14.
475 2380 513 2411 τὺ
524 2380 585 2421 ’γὰρ
597 2379 712 2420 ἀξίωμα

68 2426 183 2456 τούτου
201 2425 281 2456 κατὰ
297 2425 353 2456 τὸν
367 2423 542 2466 Ευριπίδην,
564 2423 624 2455 καὶ
647 2436 710 2455 κα-

70 2470 142 2500 κῶς
163 2467 297 2507 λέγον,
314 2467 444 2500 ἔπειθεν.
461 2468 504 2498 G.
519 2467 567 2498 Η.
578 2467 628 2508 S.]
647 2467 712 2497 Sed

69 2510 166 2553 λε’·γῃς
187 2513 281 2543 tacite
302 2512 436 2542 correxit
457 2504 601 2540 Muretus
624 2510 652 2540 O
657 2521 711 2551 pp

69 2554 157 2584 Ἰοιῐι.
172 2554 217 2585 iii.
234 2567 266 2596 p.
281 2558 357 2587 593.
373 2555 456 2602 quod
469 2553 554 2583 docti
569 2553 712 2595 plerique

68 2598 245 2639 probarunt.
291 2598 371 2630 Cum
384 2608 465 2628 emm
476 2605 640 2638 personam
655 2596 712 2627 cir-

768 1083 1000 1115 cumlocutione
1009 1083 1187 1124 significant
1196 1083 1312 1120 Graeei,
1322 1095 1415 1126 quam

766 1127 916 1158 citissime
939 1127 980 1157 ad
1001 1128 1103 1168 ipsam
1126 1137 1289 1176 personam
1312 1139 1415 1160 rever

766 1175 886 1201 tuntur.
921 1170 1219 1219 [HomerusOdyss.
1227 1171 1294 1202 xiii.
1303 1174 1357 1203 20.
1367 1182 1414 1213 sq.

767 1213 826 1245 Καὶ
836 1213 942 1254 τὰμεν
950 1212 985 1245 εὖ
995 1213 1144 1254 κατέθηχ’
1153 1213 1234 1254 ιερὸν
1241 1213 1334 1253 μενος
1341 1215 1414 1246 ’·Αλ

767 1256 896 1298 κινόοιο,
905 1256 1026 1289 Αὐτὸς’
1016 1258 1069 1289 ιὼν
1078 1258 1128 1289 διὰ
1137 1257 1219 1296 νηός.
1235 1257 1267 1288 Ν
1270 1258 1416 1289 otab1l1o1

767 1300 854 1331 locus
876 1300 970 1331 Iliad.
993 1301 1035 1333 xi.
1056 1304 1131 1333 690.
1153 1301 1207 1331 ubi
1222 1301 1356 1332 reversio
1372 1301 1412 1332 ad

765 1354 930 1384 personam
945 1344 1173 1384 antegreditur:
1189 1344 1308 1376 Ἐλθὼν
1317 1343 1379 1384 γάρ
1387 1345 1413 1385 ῥ’

766 1385 906 1419 ἐκάκωσε
929 1387 985 1426 βίη
1011 1386 1211 1428 Ἡρακληείη.
1255 1388 1320 1418 Sed
1342 1388 1411 1419 haee

766 1431 872 1471 regula
886 1441 950 1460 non
966 1441 1091 1472 semper
1106 1437 1253 1461 servatur.
1297 1430 1412 1462 Lucia-

765 1483 824 1503 nus
838 1473 966 1514 quidem
981 1474 1020 1504 ab
1036 1484 1075 1504 ea
1088 1473 1230 1504 deflectit
1241 1473 1410 1515 Tragoedo-

762 1517 838 1556 pod.
854 1527 882 1546 v.
896 1519 972 1548 312.
987 1517 1025 1547 Τ.
1040 1517 1086 1548 iii.
1102 1528 1133 1557 p.
1149 1520 1223 1548 662.
1245 1517 1300 1557 qui
1322 1518 1411 1548 locus

763 1558 808 1589 sic
839 1559 1021 1589 scribendus
1050 1560 1194 1590 videtur:
1224 1560 1310 1591 Οὔτε
1334 1560 1409 1591 Διὸς

763 1604 911 1643 βρονταῖς
927 1601 1112 1641 Σαλμωνέος
1126 1603 1213 1644 ἤρισε
1228 1602 1294 1639 βία,
1316 1603 1407 1634 Ἀλλ’

762 1644 852 1677 ἔθανε
882 1645 1033 1686 ψολόεντι
1056 1647 1189 1685 δαμεῖσα
1211 1647 1282 1678 θεοῦ
1308 1646 1406 1687 φρένα

760 1687 863 1724 βέλει,
879 1689 946 1720 Οὔκ
959 1689 1062 1730 ἐρίσας
1079 1688 1179 1730 ἐχάρη
1189 1688 1292 1729 Φοίβῳ
1307 1688 1407 1722 Σάτυ-

760 1744 812 1773 ρος
828 1731 987 1773 Μαρσύας,
1008 1733 1112 1764 Ἀλλὰ
1127 1732 1201 1772 λιγὺ
1225 1732 1325 1773 ψαίρει
1347 1733 1406 1765 κεί-

763 1787 816 1806 νου
827 1775 895 1816 περὶ
910 1775 1036 1818 δέρματι
1047 1774 1149 1808 πίτυς.
1195 1776 1236 1806 Et
1245 1776 1328 1806 conf.
1339 1776 1407 1817 ipse

764 1819 934 1860 Euripides
963 1829 1032 1849 mox
1057 1831 1087 1849 v.
1112 1822 1188 1850 301.
1230 1820 1274 1850 G.
1292 1820 1338 1850 H.
1356 1819 1406 1860 8.]

764 1862 918 1892 Homerus
948 1862 1043 1903 igitur
1070 1872 1229 1903 nunquam
1261 1863 1315 1898 ait,
1353 1862 1405 1900 βίη

760 1905 960 1947 Ἡρακληείη,
987 1905 1077 1947 ἥπερ,
1122 1906 1178 1936 sed
1218 1904 1274 1943 βίη
1314 1907 1405 1947 Ἥρα-

759 1949 882 1987 κληείη,
907 1948 1015 1989 ὅσπερ.
1041 1949 1152 1980 Exstat
1170 1949 1298 1990 quidem
1313 1949 1353 1981 Il.
1371 1954 1406 1980 T.

758 1994 833 2023 415.
867 1994 934 2023 Νῶϊ
954 1991 987 2022 δὲ
1010 1991 1063 2023 καί
1085 2003 1139 2023 κεν
1161 1992 1225 2032 ἅμα
1247 1993 1337 2034 πνοιῇ
1352 1996 1405 2024 Ζε-

758 2034 865 2075 φύροιο
890 2034 1021 2074 θέοιμεν,
1041 2034 1162 2076 ’Ἠνπερ
1185 2036 1404 2076 ἐλαφροτάτην

760 2077 838 2118 φάσ’
862 2077 998 2117 ἔμμεναι,
1024 2078 1081 2109 sed
1094 2078 1213 2120 Τόνπερ
1229 2078 1405 2120 ἐλαφρότα·

759 2133 817 2152 τον
824 2121 1139 2162 praebetScholiastes
1147 2122 1306 2163 Apollonii
1318 2122 1405 2152 Rho-

759 2165 805 2195 dii
819 2165 852 2195 ii.
865 2167 940 2195 276.
983 2165 1116 2205 [Similis
1132 2165 1294 2196 diversitas
1309 2165 1404 2206 scrip-

761 2213 836 2238 turae
846 2208 878 2237 in
890 2208 1001 2248 virgil.
1012 2208 1130 2249 Georg.
1139 2209 1161 2239 i.
1173 2211 1205 2239 6.
1231 2209 1274 2240 G.
1287 2209 1335 2239 H.
1351 2208 1405 2249 S.]

760 2251 811 2281 Sic
828 2252 934 2291 paullo
949 2255 1021 2281 ante
1034 2251 1178 2287 Hecuba,
1193 2261 1266 2281 cum
1278 2251 1405 2282 dixisset

759 2293 856 2333 φίλον
870 2292 1003 2333 γένειον,
1025 2294 1134 2325 intulit
1148 2294 1257 2330 ἐλθὼν,
1272 2304 1334 2325 non
1352 2294 1404 2325 ἐλ-

759 2336 823 2368 θόν.
870 2337 934 2373 Qui
956 2337 1038 2378 λέγῃ
1062 2348 1132 2368 cum
1147 2337 1185 2368 τὸ
1200 2336 1316 2376 ἀξίωμα
1330 2348 1405 2368 con-

755 2385 888 2415 struunt,
903 2379 1088 2420 Euripidem
1100 2380 1249 2410 Italorum
1262 2380 1313 2410 vel
1326 2379 1402 2411 Gal-

755 2424 854 2454 lorum
877 2423 1098 2453 hodiernorum
1119 2423 1270 2453 idiomate
1286 2423 1332 2453 uti
1349 2434 1405 2453 νορ

756 2467 834 2497 lunt.
867 2471 888 2484 “
903 2466 935 2496 Si
952 2475 1066 2496 vorRE
1092 2476 1287 2496 GRANDEUR
1303 2466 1403 2495 savoit

756 2509 825 2547 lire,
843 2519 928 2539 ELLE
944 2508 1060 2537 verroit
1073 2507 1206 2543 bientot,
1231 2519 1292 2548 que
1309 2508 1343 2549 je
1362 2518 1402 2537 ne

758 2563 817 2582 Lm
844 2552 873 2582 ai
900 2551 967 2581 rien
993 2550 1041 2580 dit
1067 2560 1128 2590 que
1151 2551 1190 2580 de
1217 2550 1403 2580 verstafflef’

757 2595 831 2627 Alia
845 2595 963 2625 ratione
978 2594 1138 2635 vulgatam
1153 2592 1296 2625 defendit
1318 2593 1403 2625 Hea=
