1566 2789
105 56 187 106 xlii
303 69 718 102 SUPPLEMENTUM
755 74 822 103 An
859 72 1251 106 PRAEFA'rroNEM.

104 170 250 214 Vides
272 187 450 215 versum
471 175 850 229 rotundissimum,
887 179 1039 222 sabula
1054 182 1142 222 ista
1160 181 1442 224 Momothera

104 231 261 284 procul
281 232 499 286 ablegata.

164 287 440 331 Scholiastes
474 290 656 331 Pindari
687 292 742 332 ad
775 294 911 334 verba
942 295 1031 336 ista
1053 294 1235 349 Olymp.
1258 297 1315 337 vi.
1338 296 1438 338 152.

106 344 292 386 Βοιωτίαν
329 345 382 398 ὗν,
414 349 636 397 observat,
670 363 774 391 sues
806 357 996 394 vocatos
1028 353 1131 392 olim
1164 353 1366 399 Boeotos,
1397 359 1440 395 et

105 408 268 457 praeter
289 404 426 446 alium
448 405 629 447 Pindari
649 407 797 449 locum
822 408 991 450 Cratini
1023 410 1109 450 hoc
1144 412 1440 453 testimonium

107 460 307 512 adducit,

226 518 338 560 Οὗτοι
361 520 388 559 δ’
412 519 502 560 εἰσ-ἲν
523 521 787 572 συοβοιωτικόν
808 523 1005 580 πεζοφόςον
1024 524 1127 580 γένος
1149 526 1295 580 ἀνδρῶν.

110 574 364 618 Gatakerus
403 583 596 630 nostras,
635 579 702 620 vir
741 581 872 632 longe
909 583 1206 631 doctissimus,
1243 584 1324 624 sub
1360 583 1440 624 illo

108 632 299 689 πεζοφόρον
325 635 461 676 latere
483 636 595 677 vidit
617 638 909 695 κρουπεζοφόςον,
941 639 1061 693 quod
1092 654 1115 680 e
1147 641 1333 681 Polluce
1363 642 1441 682 vii.

109 690 183 732 87.
205 693 424 745 sagaciter
443 695 656 747 reposuit.
716 696 865 738 Verba
880 697 1097 747 Pollucis,
1116 704 1165 739 ut
1181 698 1275 751 jam
1294 705 1440 739 emen-

112 748 219 790 data
239 754 354 800 sunt,
386 764 623 805 apponam.
672 753 994 809 Κςουπεζοφόρους
1015 756 1041 795 δ’
1065 754 1139 795 εἶπε
1159 756 1241 802 τοὺς
1258 756 1442 803 Βοιωτοὺς

114 808 297 860 Κρατῖνος
317 808 376 847 διὰ
397 810 447 848 τοὶ
478 809 512 848 ἐν
543 811 727 866 αὐλητικῇ
759 811 970 869 κρούματα.
1032 813 1153 854 Hinc
1184 813 1440 855 Gatakerus

112 863 252 915 elicit,
287 863 397 906 Οὗτοι
429 866 458 905 δ’
488 867 579 906 εἰσὶν
609 870 838 919 ὑοβοιωτικοῖ
859 870 1150 926 κρουπεζοφόρων
1169 871 1272 925 γένος
1292 872 1442 927 ἀνδρῶν.

113 920 204 962 Sed
225 923 326 976 quis
349 937 440 965 non
461 925 628 978 optarit
649 927 832 969 criticos
861 930 1076 981 primores
1109 929 1353 981 aliquando
1385 929 1443 969 ad

111 979 321 1022 minutias
360 981 513 1035 paullo
549 985 690 1038 magis
720 985 998 1027 attendisse?
1061 986 1110 1027 Si
1147 987 1212 1027 vir
1242 999 1442 1027 summus

112 1037 272 1079 ceteris
314 1039 407 1080 suis
446 1040 626 1081 eximiis
666 1042 848 1085 dotibus
888 1044 1161 1085 mediocrem
1205 1046 1443 1084 metrorum

111 1094 318 1147 peritiam
336 1096 601 1149 addidisset,
625 1101 776 1141 statim
798 1101 1003 1152 vidisset,
1023 1101 1134 1142 illud
1156 1116 1242 1155 κρου
1264 1101 1309 1140 in
1329 1114 1445 1154 proe-

112 1151 293 1194 cedenti
308 1155 442 1195 verbo
457 1155 608 1205 latere,
623 1170 764 1210 neque
783 1171 897 1212 opus
915 1172 1016 1200 esse
1034 1158 1120 1211 legi
1137 1156 1444 1214 κςουπεζοφόρων,

110 1209 192 1250 sed
213 1223 385 1252 versum
405 1212 472 1252 ita
492 1225 592 1253 esse
613 1216 967 1256 constituendum
987 1230 996 1254 :

232 1267 344 1307 Οὗτοι
366 1269 395 1307 δ’
414 1269 505 1307 εἰσὶν
522 1271 764 1319 Συοβοιωτοῖ,
785 1270 1065 1325 κρουπεζοφόςον
1085 1270 1188 1323 γένος
1208 1273 1358 1327 ἀνδρῶν.

114 1322 375 1377 Hesychius
395 1339 403 1361 ε
434 1326 673 1372 Συοβοιωτοί.
696 1330 727 1364 οῖ
741 1329 895 1365 Βοιωτοὶ
914 1326 995 1373 σύες
1014 1327 1269 1380 [ἐκαλοῦντο]
1293 1329 1447 1373 Photi-

112 1392 168 1421 uS
182 1380 298 1422 Lex.
311 1380 404 1421 BIS.
422 1380 668 1430 Συοβοιωτοί.
683 1381 765 1429 σύες
779 1385 859 1438 ’γὰρ
875 1384 1073 1423 ἐκαλοῦντο
1091 1387 1122 1423 οἴ
1137 1384 1257 1424 πάλαι
1272 1385 1445 1426 Βοιωτοί.

112 1437 246 1489 [lviii]
307 1437 443 1479 Hunc
475 1438 623 1491 ipsum
657 1438 826 1480 Cratini
858 1441 1003 1482 locum
1023 1445 1208 1495 uterque
1227 1443 1445 1496 respexit.

112 1493 240 1536 Idem
261 1495 443 1537 verbum
464 1496 624 1537 iterum
646 1510 887 1551 usurpasse
906 1498 1079 1540 videtur
1098 1499 1305 1540 Cratinus
1327 1501 1447 1554 apud

113 1551 396 1594 Scholiasten
417 1551 730 1609 Aristophanis
758 1555 867 1598 Pac.
887 1557 988 1598 740.
1028 1557 1116 1596 Ὑπὸ
1146 1556 1183 1596 δὲ
1211 1555 1446 1610 Ἡρακλέους

114 1613 302 1658 πεινῶντος
338 1609 446 1666 ἄγειν
490 1610 556 1651 καὶ
593 1615 718 1653 ταῦτα,
759 1611 1007 1664 σκώπτοντος,
1047 1614 1086 1653 οὐ
1126 1613 1289 1654 Βοιωτόν
1328 1615 1444 1655 ἐστιν.

41 1716 48 1719 a
113 1667 278 1722 Neque
307 1670 442 1711 verba
471 1683 615 1724 neque
644 1675 833 1711 metrum
864 1673 974 1712 satis
1004 1671 1213 1725 expedire
1245 1685 1446 1725 possum.

113 1726 204 1767 Sed
224 1727 335 1768 illud
356 1727 505 1775 video,
531 1741 612 1782 pro
635 1730 673 1768 οὐ
695 1730 855 1770 Βοιωτὸν
877 1729 1107 1783 legendum
1131 1729 1386 1779 Συοβοιωτῶν.

172 1784 248 1837 (F)
285 1784 378 1835 Qui
409 1786 637 1838 generales
670 1787 888 1840 quasdam
929 1787 1000 1828 vel
1032 1788 1341 1840 grammaticas
1375 1787 1445 1829 vel

112 1843 323 1883 metricas
345 1843 401 1883 ab
435 1843 636 1897 antiquis
669 1845 955 1898 scriptoribus
986 1845 1159 1896 regulas
1193 1848 1448 1885 constanter

113 1900 375 1941 observatas
411 1901 694 1951 contendunt,
736 1902 767 1942 ii
803 1915 892 1943 uno
928 1902 1128 1942 maximo
1164 1902 1446 1943 incommodo

109 1955 332 2007 laborant,
355 1970 454 1998 cum
476 1958 532 1999 ad
553 1958 828 2012 obJectiones
858 1959 1118 2000 refellendas
1151 1963 1327 2000 ventum
1361 1964 1445 2000 est.

112 2014 250 2068 Saepe
268 2014 384 2055 enim
399 2014 462 2064 fit,
479 2020 531 2055 ut
547 2016 765 2057 editorum
785 2017 1053 2070 negligentia
1067 2017 1213 2058 varias
1233 2017 1445 2058 lectiones

113 2071 332 2121 omiserit,
374 2071 577 2126 adeoque
610 2074 699 2114 veri
742 2075 945 2127 vestigia,
989 2079 1201 2128 quantum
1239 2074 1284 2113 in
1327 2075 1443 2127 ipsis

109 2128 270 2179 fuerat,
303 2131 614 2183 suppresserit.
675 2130 843 2181 Quare,
878 2133 916 2172 si
951 2132 996 2172 in
1029 2131 1297 2184 quibusdam
1331 2131 1444 2172 locis

112 2187 378 2240 corrigendis
411 2188 565 2233 erravi,
605 2190 778 2229 veniam
818 2189 948 2230 facile
989 2202 1059 2229 me
1101 2189 1443 2241 impetraturum

111 2256 263 2297 spero,
296 2245 493 2285 maxime
531 2245 783 2298 gavisurus,
819 2247 857 2286 si
891 2246 1007 2287 Mss.
1040 2246 1110 2287 vel
1147 2245 1443 2287 Grammatici

109 2300 298 2342 meliora
332 2302 442 2342 meis
474 2303 879 2344 subministrabunt.
941 2302 1021 2343 Καί
1049 2319 1112 2356 μοι
1143 2305 1251 2343 τοῦτο
1283 2303 1326 2343 τὸ
1363 2301 1443 2351 ἔπος

110 2355 234 2412 ἐχέτω
255 2358 290 2406 ἐς
309 2357 433 2399 πάντα
453 2359 515 2399 τὸν
536 2358 665 2415 λόγον.
726 2360 845 2402 Satis
882 2361 1009 2414 igitur
1042 2365 1136 2401 erat
1156 2361 1201 2402 in
1230 2361 1441 2414 Sophocl.

108 2414 186 2468 Aj.
217 2415 318 2458 524.
350 2417 547 2470 vulgatae
575 2418 754 2459 lectioni
775 2419 1122 2459 controversiam
1142 2431 1167 2458 e
1188 2418 1329 2459 Suida
1348 2431 1443 2460 mo-

109 2472 244 2514 visse.
303 2473 474 2516 Postea
505 2474 693 2516 duorum
722 2475 1038 2517 Parisiensium
1059 2475 1212 2517 Suidae
1235 2475 1443 2517 codicum

109 2529 391 2572 collationem
431 2536 590 2575 nactus
631 2546 745 2584 sum,
787 2545 976 2588 quorum
1016 2546 1132 2574 unus
1171 2533 1303 2574 habet
1341 2545 1442 2574 cum
