1566 2789
137 60 212 110 34

555 62 1048 113 ΕΥΡΙΠΙΔΟΥ

213 211 342 254 σιγῆν
365 188 574 258 Αχαίων
601 212 731 240 παντί
761 188 947 260 κηξύξαί
975 192 1172 261 σ’ΤξαιΤῷ.

213 261 348 328 κάγω
363 286 618 348 wagoco'rocg
649 286 762 315 ΕΗΓΟΡ
792 286 828 314 ἓν
854 286 1006 332 μέσοις
1035 263 1161 315 ‘7003ss
1339 304 1349 331 ι

214 334 374 403 σιγοῖτ
398 338 608 406 Ἀγαιοὶ,
635 342 752 402 σῖγα
773 341 863 395 wag
892 338 1002 389 ’έστω
1029 351 1059 388 λ
1066 338 1151 395 εοῖς·

214 412 343 477 σίγα,
370 412 529 463 σιώπα·
573 411 846 480 νῆνεμονδ
839 408 982 470 ἔστ-Μ’
1014 409 1238 481 οχλον.

1294 331 1300 354 2
1334 330 1338 335 ,

1319 350 1468 392 v'530

1264 426 1377 470 ζωὴ]

214 485 294 537 ὁδ’
326 501 453 537 ειπεν
496 484 529 536 ὠ
555 491 644 536 παῖ
669 484 866 546 Πηλέως,
892 486 1040 557 mcv-975
1069 485 1110 537 ὃ
1142 482 1258 554 ἐμος,

215 558 340 622 δεξαι
369 561 488 629 χοάς
514 583 592 628 μοι
621 559 761 611 τάσδε
795 573 884 618 my).
890 561 1095 630 ητηξίους,

215 657 361 705 νεκξων
389 634 614 699 ἀγωγούς·
657 632 754 684 ems
785 633 824 685 δ’
830 675 839 693 ,
867 658 918 692 ως
939 634 1037 692 πῖνς
1064 632 1157 701 poe).
1161 657 1213 684 αν

213 732 340 778 κοξκς
362 707 603 778 ἀκραιφνές
625 705 744 777 αιμ’,
771 733 792 759 ο
820 731 886 759 σοι
916 707 1179 779 ὂωξούμεθα,

1379 722 1464 758 535

212 781 405 853 arguero}
433 805 492 842 τε,
521 782 669 847 nimo)
710 804 950 853 πρευμενης
979 781 1018 832 δ’
1051 805 1151 851 ἥμιν
1179 781 1317 846 γενοῦ,

212 856 360 907 λῦσαί
384 879 431 907 τε
458 857 660 927 πρύμνας
687 857 766 907 καὶ
795 857 1025 926 χαλινωτῆ
1057 880 1105 907 ια

211 932 302 981 νεῶν
330 927 399 989 δὸς
428 932 539 999 ἡμῖν,
566 932 828 1009 πρευμενοῦς
857 930 892 981 τ’
924 930 1000 980 ἀπ’
1029 930 1172 981 Ἰλίου

179 1035 271 1076 [528.
287 1033 424 1075 κηρύξαι.
446 1034 516 1064 11110
531 1035 666 1075 κηρῦξαι.
697 1034 783 1065 Illud

138 1083 189 1108 est
202 1078 361 1118 optativus
375 1088 439 1108 aor.
463 1079 505 1108 G.
518 1078 565 1109 H.
578 1079 631 1119 S.]

182 1123 257 1152 533.
278 1133 338 1160 μου
354 1120 428 1151 edd.
444 1131 553 1151 omnes
564 1132 571 1158 ;
584 1122 638 1151 sed
649 1121 785 1160 poccitat

137 1162 276 1203 Scaliger
290 1165 328 1193 ad
345 1164 490 1205 Propert.
506 1165 549 1195 iv.
565 1167 597 1195 7.
618 1167 671 1195 36.
699 1165 783 1204 quod

137 1215 207 1235 cum
224 1205 359 1233 habeam
378 1207 455 1238 Aug.
473 1209 503 1228 1.
518 1206 552 1227 Ε.
571 1206 614 1227 11.
629 1207 672 1226 ..10
687 1206 784 1226 ...unu

138 1244 337 1273 Constructlo
369 1241 504 1271 Homero
540 1238 712 1277 familiaris,
751 1242 787 1267 ut

136 1284 233 1315 Iliad.
255 1288 289 1315 B.
314 1286 388 1315 186.
431 1282 553 1321 Δέξατό
570 1281 599 1312 οῖ
611 1281 782 1320 σκῆπτρον.

136 1331 176 1359 Ο.
192 1328 246 1359 87.
266 1326 397 1365 Θέμιστι
412 1324 446 1357 δὲ
465 1324 668 1365 καλλιπαρῇῳ
680 1323 783 1354 Δέκτο

137 1369 243 1406 δέπας,
259 1374 291 1399 et
305 1369 391 1399 aiibi.
434 1367 593 1398 Pindarus
607 1367 688 1407 apud
706 1366 780 1396 Pla-

136 1419 244 1444 tonem
264 1412 405 1442 Menone
402 1411 468 1495 p(et
487 1410 645 1440 stobaeum
658 1409 697 1439 de
715 1409 779 1438 Re-

138 1455 332 1496 publica)t.
356 1455 376 1486 i.
429 1456 534 1485 .458.
563 1456 617 1484 34.
647 1451 722 1482 Ald.
747 1461 780 1490 p.

138 1501 215 1530 338.
246 1501 296 1530 10.
320 1497 391 1527 Bas.
414 1502 437 1527 t.
453 1496 487 1526 ii.
511 1507 542 1536 p.
563 1498 617 1526 81.
640 1495 679 1524 Β.
702 1493 782 1523 HSt.

137 1551 170 1581 p.
187 1543 239 1572 16.
266 1540 308 1571 G.
336 1539 476 1570 Laemar.
504 1548 536 1578 p.
557 1541 633 1569 415.
653 1537 694 1567 Β.
718 1536 781 1566 Frf.

138 1581 211 1615 Οῑσι
232 1583 294 1623 ’γὰρ
318 1582 358 1613 ἂν
381 1580 560 1622 Φερσεφόνα
585 1579 695 1610 ποινὰν
722 1591 781 1609 πα-

137 1626 230 1657 λαιοῦ
249 1625 375 1657 πένθεος
404 1624 537 1663 δέξηται.
597 1622 782 1676 [inscriptio

138 1669 302 1700 Columnae
328 1669 503 1699 Nanianae:
537 1668 598 1697 Παι
612 1665 698 1704 Διὸς
713 1665 781 1695 Ἐκ-

138 1711 247 1751 φάντῳ
255 1711 335 1751 δέξαι
342 1711 406 1742 τόδ’
415 1709 554 1750 ἀμεμφὲς
565 1708 782 1748 ἅγαλμαΝἰά.

138 1755 308 1785 Villoison.
333 1754 456 1785 Anecd.
483 1754 539 1783 Gr.
560 1758 582 1783 t.
604 1753 633 1781 ii.
650 1762 683 1792 p.
708 1754 781 1782 120.

139 1797 207 1837 (1.)
251 1798 470 1838 Fragmentum
485 1796 519 1826 in
535 1794 725 1825 Alcmanicis
739 1793 781 1823 H.

138 1840 288 1881 Stephani
318 1851 348 1881 p.
375 1843 449 1871 338.
480 1838 645 1869 Welckeri
673 1848 703 1877 p.
727 1840 781 1867 55.

138 1883 321 1923 (Hephaest.
341 1894 373 1923 p.
401 1882 470 1922 34.)
515 1881 631 1920 Κόλπῳ
659 1880 687 1911 σ’
718 1877 782 1910 ἐδέ-

138 1927 221 1964 ξανθ’
236 1925 469 1966 ἇγναὶΧοίριτες
479 1923 594 1965 Κρόνῳ.
613 1924 656 1955 G.
667 1923 714 1954 Η.
725 1922 778 1963 S.]

140 1969 286 2009 AEschyl.
317 1968 429 2009 Choe'p
432 1969 462 1999 h.
495 1971 570 1998 760.
628 1965 782 2007 Ὀρέστην

139 2011 322 2051 ἐξεδεξαμην
335 2011 439 2051 πατρί·
462 2010 516 2041 ubi
529 2009 664 2039 Hesiodi
681 2010 782 2038 locum

138 2055 257 2095 Theog.
272 2057 346 2085 480.
359 2052 683 2084 laudatAbreschius.
704 2051 779 2091 Ipse

138 2096 308 2137 Euripides
336 2097 419 2137 apud
456 2096 653 2127 Clementem
690 2094 779 2124 Alex.

138 2140 252 2170 Str-om
277 2151 305 2169 v.
331 2150 402 2179 pag.
428 2142 503 2170 688.
529 2142 580 2170 19.
607 2138 646 2169 σὺ
670 2136 705 2168 δέ
729 2149 780 2175 μοι

138 2182 256 2214 Θυσίαν
285 2182 399 2222 ἄπυρον
437 2180 651 2221 παγκαρπείας
687 2179 781 2218 Δέξαι

136 2225 242 2265 πλήρη
256 2226 475 2265 προχυθεισαν.
500 2224 590 2254 Idem
605 2222 689 2263 apud
704 2233 780 2253 eun-

138 2268 213 2299 dem
227 2270 267 2299 iv.
285 2278 314 2308 p.
328 2271 403 2298 588.
427 2270 456 2297 1.
473 2266 547 2305 ‘Ay'
568 2265 621 2298 οὖν
633 2266 781 2306 παραινῶ,

138 2309 238 2342 ταῦτά
258 2323 317 2350 μου
345 2309 438 2349 δέξαι,
461 2310 563 2348 γύναι.
608 2309 659 2339 Sic
674 2317 783 2338 omnes

137 2354 303 2386 editiones.
347 2352 410 2383 Sed
424 2365 477 2391 μοι
491 2353 567 2384 citat
583 2351 780 2383 Valckenae-

135 2398 202 2429 rius
237 2395 372 2427 Diatrib.
404 2406 436 2436 p.
472 2398 546 2427 213.
589 2394 781 2435 Astydamas

137 2438 223 2480 apud
238 2439 343 2470 Schol.
362 2438 477 2469 V.enet
495 2440 533 2469 ad
551 2439 645 2469 Iliad.
658 2440 691 2467 Z.
705 2438 781 2467 472.

135 2483 258 2513 inducit
273 2482 411 2512 Hectora
426 2481 595 2518 dicentem,
611 2479 704 2518 Δέξαι
719 2490 781 2509 κοι-

135 2524 191 2561 νὴν
206 2537 257 2564 μοι
283 2524 359 2565 πρὸς
378 2523 517 2563 πόλεμον
539 2523 573 2556 δὲ
593 2523 644 2555 καὶ
659 2523 783 2568 φοβηθῇ

135 2569 217 2600 παῖς.
262 2568 367 2599 Locus
389 2567 463 2598 satis
489 2573 662 2610 corruptus,
689 2574 779 2604 cujus

829 1034 929 1075 priora
958 1039 1055 1069 cerm,
1091 1033 1259 1074 posteriora
1293 1032 1473 1063 dubitanter

828 1077 961 1117 corrigo.
1007 1075 1101 1116 Δέξαι
1121 1078 1215 1113 κυνῆν
1239 1088 1290 1115 μοι
1306 1074 1473 1115 πρόσπολ’,

828 1118 886 1150 ὡδε
901 1120 1099 1160 προσμολὼν,
1115 1118 1218 1158 Δέξαι·
1240 1117 1375 1159 ’φοβήθη
1388 1119 1472 1150 παῖς.

829 1164 908 1200 Qua:
919 1163 1061 1194 desumta
1071 1168 1144 1193 sunt
1153 1173 1189 1193 ex
1199 1162 1316 1198 Hector
1319 1161 1455 1222 θῚςΐιηΐο

830 1206 903 1223 ιρι..
916 1206 963 1222 ..1
967 1202 1181 1234 yumnantem
1196 1202 1305 1222 vlcisse
1317 1202 1335 1221 e
1410 1196 1472 1222 tar-

828 1237 887 1266 cho
903 1235 1051 1266 discimus
1065 1236 1104 1266 de
1120 1234 1208 1265 Glor.
1218 1233 1336 1265 Athen.
1352 1244 1384 1275 p.
1397 1237 1473 1266 349.

828 1278 864 1308 F.
877 1277 947 1310 οὐδὲ
964 1277 1017 1309 ὅτε
1041 1277 1192 1319 Καρκίνος
1213 1275 1343 1318 Ἀερόπῃ
1362 1278 1470 1315 συνῆν,

826 1320 847 1358 ἢ
863 1320 992 1362 Ἕκτορι
1015 1320 1221 1369 Ἀστυδάμας.
1266 1320 1472 1351 Probabiliter

823 1363 943 1406 Ἀλόπῃ
971 1364 1079 1403 legunt
1102 1364 1162 1393 viri
1187 1363 1285 1399 docti,
1306 1362 1362 1393 sed
1390 1373 1470 1404 pra:-

825 1412 912 1438 terea
936 1408 1102 1447 legendum
1127 1405 1266 1447 εὐημέρει
1293 1415 1349 1445 pro
1363 1406 1474 1444 συνῆν,

825 1455 856 1480 et
869 1449 1064 1479 totuslocus·
1058 1455 1101 1478 lta
1110 1448 1238 1478 fortasse
1250 1447 1469 1487 refingendus:

825 1491 895 1523 οὐδὲ
910 1491 964 1522 ὅτε
981 1491 1132 1532 Καρκίνος
1149 1490 1269 1532 Ἀλόπῃ
1288 1489 1309 1528 ἢ
1330 1490 1470 1529 Ἀγάθων

824 1534 956 1576 Ἀερόπῃ
986 1533 1137 1574 εὐημέρει,
1162 1533 1183 1572 ἢ
1205 1532 1335 1573 “Europa
1355 1533 1469 1565 Ἀστυ·

824 1577 932 1617 δάμας.
980 1577 1157 1616 [Aristoph.
1174 1577 1304 1618 Lysistr.
1328 1578 1404 1607 204.
1424 1576 1471 1608 Τὰ

825 1620 947 1661 σφάγια
972 1619 1054 1659 δέξαι
1079 1621 1149 1651 ταῖς
1170 1618 1309 1658 ’γυναιξὶν
1329 1618 1471 1657 εὐμενής·

825 1664 879 1694 ubi
893 1664 962 1694 ταῖς
974 1663 1111 1702 γυναιξὶν
1130 1672 1192 1692 non
1208 1663 1308 1692 minus
1322 1662 1437 1701 regitur
1452 1672 1472 1692 a

826 1706 917 1746 δέξαι,
934 1716 1025 1746 quam
1041 1707 1080 1736 ab
1096 1703 1234 1743 εὐμενής.
1280 1703 1471 1745 (Sophocles

827 1750 877 1780 El.
898 1752 974 1781 434.
1001 1759 1047 1789 sq.
1073 1749 1186 1778 Herm.
1209 1746 1411 1787 Σκέψαιγὰρ,
1440 1759 1466 1777 ει

825 1804 875 1824 σοι
904 1793 1086 1832 προσφιλῶς
1109 1791 1192 1832 αὐτῃ
1206 1793 1292 1822 δοκει
1309 1789 1386 1830 Γέρα
1398 1788 1468 1821 τάδ’

826 1836 880 1867 ὁύν
892 1834 1022 1874 τάφοισι
1032 1834 1172 1873 δέξασθαι
1181 1833 1279 1865 νέκυς.
1294 1834 1377 1873 quod
1389 1843 1466 1873 quo

825 1879 920 1909 modo
952 1878 1029 1908 mihi
1052 1877 1195 1907 videatur
1226 1876 1468 1916 intelligendum

825 1933 903 1958 esse,
918 1921 992 1951 satis
1006 1920 1161 1950 indicavi
1154 1931 1186 1949 111
1199 1924 1275 1949 nota
1283 1918 1469 1949 Hermanni.

826 1964 1024 1996 Constructio
1033 1963 1164 2004 perinde
1178 1973 1291 2002 anceps
1306 1961 1338 1991 in
1352 1962 1402 1992 his
1411 1961 1466 1991 In-

826 2007 1055 2047 scriptionibus.
1071 2006 1205 2036 Pausan.
1198 2016 1245 2045 ..p
1256 2007 1332 2036 439.
1342 2003 1469 2057 (Epigr.

824 2047 1312 2103 adesp.cxxxx11.Brunck.)
1375 2045 1466 2086 Δέξο,

824 2093 900 2132 ἅναξ
913 2091 1055 2132 Κρονιδα,
1071 2090 1128 2122 Ζευ
1140 2090 1304 2130 Ὀλύμπιε,
1320 2089 1418 2121 καλὸν
1433 2089 1469 2120 ἆ-

822 2142 933 2175 ’γαλμα
940 2134 1032 2174 Ἰλάῳ
1041 2136 1128 2174 θυμῷ
1135 2136 1202 2165 τοῖς
1210 2133 1468 2171 Λακεδαιμονίοις.

824 2179 946 2209 Polluc.
957 2178 1122 2209 Onomast.
1134 2188 1164 2217 p.
1169 2180 1242 2207 401.
1252 2186 1287 2217 sq
1290 2175 1468 2215 .(Brunck.

826 2222 969 2252 Lection.
992 2226 1025 2250 et
1055 2219 1221 2250 Emendat.
1243 2219 1277 2248 in
1306 2218 1402 2249 Anal.
1431 2227 1466 2258 p.

826 2267 900 2295 274.
916 2263 1024 2304 Epigr.
1046 2263 1154 2302 adesp.
1169 2271 1312 2292 cccxxn.
1328 2260 1358 2290 b.
1374 2260 1466 2301 Jac.)

826 2305 962 2345 ’Ὑβλαίῳ
976 2305 1082 2347 κήρυκι
1097 2305 1161 2336 τόδ’
1181 2303 1305 2345 Ἀρχία,
1330 2302 1468 2334 Εὗκλέος

825 2350 893 2388 υἱῷ,
914 2347 1006 2387 Δέξαι
1029 2348 1145 2388 ἄγαλμ’
1163 2348 1293 2387 εὔφρων,
1305 2347 1401 2382 Φοιβ’
1418 2347 1465 2377 ἐπ’

826 2392 1018 2433 ἆπημοσύνῃ.
1042 2392 1096 2422 ubi
1123 2391 1242 2432 εὔφρων
1263 2389 1286 2420 1.
1316 2400 1348 2429 q.
1378 2388 1467 2427 εὐμε·

826 2435 890 2472 νὴς,
904 2434 1005 2466 ἵ.λαος
1050 2435 1149 2465 Miror
1166 2438 1280 2467 autem,
1301 2432 1360 2462 hoc
1389 2430 1467 2463 Por·

826 2478 895 2507 soni
920 2477 1166 2508 additamentum
1190 2476 1223 2506 in
1247 2474 1323 2505 edit.
1352 2473 1467 2504 noviss.

826 2520 929 2550 Lond.
950 2521 1098 2552 omissum
1110 2529 1189 2550 esse.
1210 2519 1252 2550 G.
1268 2517 1317 2550 H.
1332 2516 1385 2558 S.)
1410 2518 1466 2548 Ex

825 2564 968 2605 Corrigu]
