1566 2789
620 647 970 688 ΥΠΟΘΕΣΙΣ.

138 779 226 812 Μετὰ
240 779 299 818 τὴν
312 780 408 812 Ἰλίου
431 781 613 823 πολιορκίαν
639 782 669 814 οἵ
689 782 909 823 μὲν”Ελληνες
925 783 965 815 εἷς
980 783 1040 821 τὴν
1055 782 1220 825 ἀντιπέραν
1233 784 1370 826 Τρῳάδος
1386 785 1465 825 Χεῤ-

179 844 312 885 ῥόνησον
326 845 589 888 καθωρμίσθησαν.
632 848 803 888 Ἀχιλλεὺς
833 848 876 884 δὲ,
904 848 1015 880 νυκτὸς
1041 848 1169 889 ὁραθεὶς,
1195 850 1355 889 σφαγῆναι
1383 850 1468 889 ἠξίου

180 904 254 942 μίαν
279 907 343 945 τῶν
368 905 507 946 Πριάμου
532 906 717 948 θυγατέρων.
741 908 771 939 οἱ
793 907 851 947 μὲν
877 906 931 938 οὖν
948 907 1117 946 Ἕλληνες,
1141 910 1289 947 τιμῶντες
1303 909 1358 939 τὸν
1372 909 1465 950 ἥρωα,

181 970 370 1010 Πολυξένην,
399 970 642 1003 ἀποσπάσαντες
668 972 813 1010 Ἑκάβης,
836 972 1045 1013 ἐσφαγίασαν.
1090 972 1303 1015 Πολυμήστωρ
1316 974 1360 1010 δὲ,
1375 975 1391 1005 ὁ
1405 976 1468 1005 τῶν

183 1036 311 1076 Θρᾳκῶν
338 1035 499 1072 βασιλεὺς,
531 1037 586 1068 ἕνα
613 1039 675 1069 τῶν
702 1039 874 1078 Πριαμιδῶν
898 1037 1082 1078 Πολύδωρον
1107 1036 1310 1078 κατέσφαξεν·
1346 1038 1468 1078 εἷλήφει

183 1100 216 1131 δὲ
231 1101 345 1131 τοῦτον
361 1101 442 1141 παρὰ
471 1103 527 1133 τοῦ
541 1102 679 1143 Πριάμου
690 1104 706 1133 ὁ
721 1102 937 1142 Πολυμήστωρ
962 1101 1004 1134 εἷς
1019 1104 1282 1143 παρακαταθήκην
1295 1103 1375 1142 μετὰ
1391 1116 1467 1143 χρη-

182 1165 300 1203 μάτων.
323 1165 461 1204 ἇλούσης
479 1166 512 1199 δὲ
525 1169 582 1204 τῆς
597 1167 727 1202 πόλεως,
745 1169 919 1208 κατασχεῖν
933 1167 1030 1198 αὐτοῦ
1043 1167 1234 1206 βουλόμενος
1248 1167 1305 1199 τὸν
1319 1169 1469 1204 πλοῦτον,

185 1230 327 1271 φονεύειν
353 1231 487 1272 ὥρμησε,
513 1232 563 1263 καὶ
590 1231 697 1271 φιλίας
723 1232 898 1272 δυστυχοῦς
923 1231 1133 1273 ὠλιγώρησεν.
1156 1232 1334 1274 ἐκριφέντας
1359 1233 1391 1265 δὲ
1413 1234 1471 1264 τοῦ

187 1295 331 1333 σώματος
354 1295 397 1327 εἷς
419 1296 479 1334 τὴν
506 1296 680 1334 θάλασσαν,
705 1297 742 1328 τὸ
768 1296 937 1328 κλυδώνιον
960 1296 1036 1337 πρὸς
1060 1295 1117 1328 τὰς
1139 1298 1202 1328 τῶν
1233 1296 1472 1337 αἶχμαλωτίδων

187 1360 304 1398 σκηνὰς
321 1360 414 1392 αὐτὸν
428 1360 588 1400 ἐξέβαλεν.
633 1361 749 1400 Ἑκάβη
765 1361 797 1393 δὲ
812 1362 868 1393 τὸν
885 1362 992 1402 νεκρὸν
1012 1360 1188 1400 θεασαμένη
1212 1361 1342 1401 ἐπέγνω·
1366 1375 1471 1394 κοινω-

189 1424 307 1463 σαμένη
323 1425 356 1456 δὲ
380 1425 439 1462 τὴν
464 1425 591 1465 γνώμην
617 1427 836 1466 Ἀγαμέμνονι,
859 1427 1091 1468 Πολυμήστορα
1106 1426 1163 1457 σὺν
1177 1428 1242 1458 τοῖς
1256 1427 1363 1459 παισὶν
1379 1428 1473 1459 αὐτοῦ

188 1491 227 1522 ὡς
256 1490 369 1529 ἑαυτὴν
389 1490 621 1531 μετεπέμψατο,
645 1491 823 1532 κρύπτουσα
847 1491 885 1522 τὸ
909 1490 1054 1531 γεγονὸς,
1081 1492 1120 1523 ὡς
1146 1492 1314 1532 θησαυροὺς
1339 1493 1372 1523 ἐν
1390 1493 1473 1532 Ἰλίῳ

189 1555 310 1596 μηνύσῃ
328 1556 420 1596 αὐτῷ.
444 1555 697 1596 παραγενομένου
712 1556 744 1587 δὲ
759 1556 832 1587 τοὺς
847 1556 904 1595 μὲν
919 1555 1000 1587 υἱοὺς
1016 1556 1221 1596 κατέσφαξεν·
1245 1556 1341 1587 αὐτὸν
1363 1556 1395 1588 δὲ
1411 1560 1475 1589 τῶν

191 1620 360 1659 ὀφθαλμῶν
376 1620 556 1662 ἐστέρησεν.
580 1621 629 1652 ε’πὶ
653 1617 685 1652 δὲ
710 1624 773 1652 τῶν
800 1620 963 1658 Ἑλλήνων
986 1619 1137 1659 λέγουσα,
1153 1620 1209 1651 τὸν
1225 1621 1400 1662 κατήγορον
1416 1622 1474 1653 ἐνί-

192 1696 300 1722 κησεν.
317 1685 420 1727 ἐκρίθη
435 1685 496 1725 γὰρ
512 1687 567 1717 οὐκ
583 1685 692 1727 ἄρχειν
707 1685 876 1725 ὠμότητος,
889 1685 962 1716 ἀλλ’
974 1684 1144 1724 ἀμύνασθαι
1159 1685 1214 1716 τὸν
1225 1686 1430 1727 κατάρξαντα.

195 1794 265 1824 Hoc
282 1799 495 1836 argumentum
511 1805 527 1825 e
544 1795 727 1826 membranis
743 1795 841 1826 edidit
854 1794 1050 1833 Brunckius3
1074 1793 1170 1824 multo
1186 1793 1332 1834 prolixiu«
1350 1795 1476 1827 dederat.

152 1848 263 1879 Aldus.
