1566 2789
151 37 297 78 XXXVi
352 47 761 78 SUPPLEMENTUM
797 49 864 79 AD
898 29 1284 81 PRAEFA'PJONEM.

152 148 257 204 ποίῳ.
285 154 287 157 “
306 150 542 204 Utcunque
564 149 649 190 hoc
672 150 742 200 sit,
763 152 1011 192 revocanda
1032 157 1098 192 est
1115 153 1347 206 particula,
1368 166 1468 207 quae

155 219 254 247 curn
278 221 427 260 parum
445 207 692 248 necessaria
711 208 898 249 librariis
911 210 1010 249 visa
1030 216 1160 261 esset,
1173 210 1290 251 haud
1312 211 1469 251 mirum

152 263 189 303 si
210 264 364 316 elapsa
383 269 462 304 est.

267 320 406 374 [xlix]
421 321 479 370 Νὴ
500 320 560 361 τὸν
582 320 774 370 Ἀπόλλω,
796 320 908 360 τοῦτο’
919 319 966 375 γέ
979 337 1034 361 τοι
1055 321 1092 370 δὴ
1120 320 1127 377 Ι
1152 329 1210 377 τῷ
1229 326 1286 362 νῦν
1307 321 1411 377 λόγῳ
1432 321 1469 362 εὖ

608 375 861 430 προσέφυσας.

155 439 206 475 ut
225 434 268 474 in
289 433 406 474 Ran.
427 434 555 475 1079.
590 432 719 473 ”Ωσ·τε
739 451 785 487 γε
807 432 939 474 καύτόν
961 450 1004 473 σε
1025 436 1112 474 κατ’
1133 433 1190 474 οὖν
1211 433 1359 486 ἔβαλεν.
1408 437 1468 485 Νὴ

155 491 215 530 τὸν
239 489 329 537 Δία,
349 489 458 530 τοῦτο’
489 489 536 543 γε’
555 507 608 530 τοι
628 489 681 539 δή.
733 491 783 531 In
816 491 896 544 Eq.
928 491 1026 532 784.
1060 493 1247 532 similem
1283 505 1470 534 errorem

154 548 331 588 notandi
354 548 530 589 occasio
550 560 658 587 mox
679 548 836 588 veniet.

214 603 265 643 In
280 603 394 644 Ran-
410 603 537 644 1058.
554 603 818 648 Brunckius‚
836 602 915 643 εἶτα
928 606 1024 654 μετὰ
1040 607 1146 644 τοῦτο
1159 605 1247 654 (vel
1265 605 1468 647 codicum

155 663 294 709 ταῦτα)
317 660 590 712 tautologum
614 674 713 701 esse
746 666 968 709 causatus,
990 662 1034 700 in
1058 663 1158 700 κατὰ
1178 660 1283 701 ταῦτ’
1311 668 1466 703 mutat.

156 716 313 757 Nihilo
334 717 473 768 magis
507 717 792 769 tautologum,
826 718 892 758 vir
924 719 1303 769 praestantissime‚
1333 731 1465 772 quam

157 771 222 812 εἶτ’
253 771 299 811 αὖ
320 770 432 812 πάλιν
453 770 550 820 αὖθις
575 774 695 815 Nub.
717 774 816 814 971.
846 777 889 814 et
909 774 1081 814 similia.
1140 774 1292 816 Nihilo
1326 776 1467 827 magis

156 831 430 881 tautologum
447 842 579 881 quam
596 829 693 873 Av„
715 830 812 870 811.
833 834 953 869 ΕΙΤΑ
970 833 1043 876 τοῖς
1071 830 1156 877 θεοῖς
1177 834 1297 871 Θῦσαι
1315 837 1465 872 ΜΕΤΑ

159 890 338 934 ΤΟΥΤΟ,
360 890 437 926 aut
457 887 563 926 illud
587 886 856 926 Philemonis
870 887 989 939 apud
1008 887 1234 928 Stobaeum
1248 901 1346 941 pag.
1368 888 1469 930 395.

154 942 225 983 ed.
246 941 371 982 Grot.
395 946 592 982 ΕΠΕΙΤΑ
625 947 769 982 ΜΕΤΑ
796 942 936 982 ΤΑΥΤ’
965 943 1061 989 εὐθὺς
1081 942 1196 997 εὑρέθη
1231 943 1354 985 θανών.
1385 945 1469 986 So-

154 999 320 1051 sipater
346 997 550 1039 Athenaei
571 1000 633 1039 ix.
658 1013 700 1052 p.
720 999 820 1040 378.
843 1000 895 1040 B.
925 1004 1125 1039 ΕΠΕΙΤΑ
1158 1005 1304 1040 ΜΕΤΑ
1330 1003 1469 1042 TAYT'

155 1054 251 1100 εὐθὺς
271 1056 558 1109 ἀρχιτεκτονεῖν.
607 1055 696 1096 Sed
720 1057 811 1096 Sive
845 1058 943 1107 μετὰ
964 1059 1070 1095 τοῦτο
1092 1057 1218 1108 legis,
1252 1059 1346 1099 Sive
1367 1060 1469 1098 κατὰ

153 1112 291 1159 ravi-02,
314 1113 481 1151 numeri
516 1117 616 1152 sunt
646 1113 840 1165 pessimi,
861 1113 980 1165 quod
1010 1117 1053 1153 et
1086 1113 1182 1165 ipse
1215 1114 1468 1156 Brunckius

152 1168 197 1208 in
218 1167 349 1208 simili
372 1180 500 1208 versu
520 1167 634 1208 Ach.
655 1169 753 1209 636.
776 1169 927 1209 sensit.
969 1167 1215 1211 Articulum
1237 1170 1319 1217 τοὺς
1341 1172 1467 1213 omit-

153 1229 253 1264 tunt
275 1230 363 1264 tres
387 1223 499 1264 Mss.
521 1237 633 1277 quos
659 1225 755 1276 ipse
788 1225 968 1273 contuli,
1002 1238 1145 1278 neque
1166 1226 1336 1278 dubito,
1359 1228 1466 1282 quin

152 1294 251 1322 cum
275 1281 330 1320 iis
352 1280 603 1332 conspirent
623 1281 713 1320 alii.
763 1281 876 1333 Ergo
897 1281 1141 1332 legendum,

267 1335 366 1375 Εἶτα
382 1336 529 1385 διδάξας
551 1335 700 1391 Πέρσας
719 1341 816 1387 μετὰ
836 1337 959 1386 ταῦτ’,
982 1337 1160 1389 ἐπιθυμεῖν
1181 1337 1380 1390 ἐξεδίδαξα.

151 1392 328 1434 Fortius
350 1397 420 1433 est
439 1393 538 1442 hoc,
567 1407 700 1446 quam
722 1394 910 1448 simplex
943 1394 1103 1443 ἑδίδαξα’
1139 1395 1292 1436 deinde
1311 1397 1465 1439 melius

144 1450 390 1503 junguntur
410 1448 556 1497 διδάξας
584 1448 784 1498 ἐξεδίδαξα·
819 1463 947 1504 porro
980 1451 1065 1493 hoc
1086 1452 1233 1504 ipsum
1256 1454 1463 1494 mendum

150 1506 303 1559 paullo
325 1510 423 1546 ante
446 1507 643 1559 corrupit
663 1519 880 1547 caesuram
913 1519 1069 1548 versus
1103 1509 1231 1549 1051.
1253 1523 1384 1564 quem
1403 1523 1463 1551 ex

150 1562 266 1603 Mss.
287 1562 520 1602 restituere
542 1563 746 1603 editores.

208 1619 261 1659 In
282 1617 626 1658 Acharnensium
647 1632 774 1659 versu
796 1618 967 1671 aliquid
979 1619 1202 1660 turbatum
1220 1634 1321 1662 esse
1336 1621 1463 1672 vidit,

147 1686 235 1727 quo
253 1678 347 1715 erat
362 1676 533 1715 aurium
555 1688 702 1724 sensu,
724 1675 958 1725 Kusterus‚
980 1676 1052 1716 cui
1080 1675 1295 1718 hactenus
1315 1690 1464 1719 assen-

147 1731 254 1771 titur
273 1731 541 1780 Branchus,
564 1736 612 1771 ut
642 1732 839 1779 fateatur,
871 1731 1173 1773 concinniores
1203 1733 1294 1774 fore
1313 1747 1462 1774 nume-

148 1799 239 1836 ros,
261 1787 298 1826 Si
317 1787 502 1839 legatur,
525 1784 704 1842 Πρότερον
735 1788 762 1826 δ’
785 1788 854 1827 ἀπὸ
876 1792 945 1828 τῶν
965 1787 1104 1827 πόλεων
1124 1791 1221 1841 ὑμᾶς
1242 1792 1273 1829 οἱ
1291 1786 1463 1844 πρέσβεις

150 1843 179 1881 ἑ.
229 1843 296 1895 [l]
319 1843 408 1883 Sed
432 1845 732 1884 concinniores
749 1844 881 1883 etiam
903 1845 1009 1884 fient
1031 1846 1378 1898 transpositione
1398 1845 1464 1888 le'-

150 1898 289 1940 niori:
328 1901 506 1954 Πρότερον
527 1900 557 1939 ’δ’
579 1902 674 1950 ὑμᾶς
693 1900 764 1939 ἀπὸ
783 1904 854 1940 τῶν
877 1899 1015 1939 πόλεων
1034 1904 1063 1940 οῖ
1084 1917 1126 1940 π.
1146 1905 1173 1940 ὲ.
1235 1902 1288 1942 In
1309 1902 1462 1944 eadem

150 1967 303 1994 versus
324 1955 428 1995 sede
464 1969 570 1996 mox
592 1957 785 1997 occurrit
807 1958 840 1995 ἐν
859 1957 939 2003 ταῖς
959 1955 1124 2006 πόλεσιν,
1146 1958 1187 1996 ἐκ
1213 1962 1284 1998 τῶν
1308 1957 1462 2008 πόλεων,

152 2010 269 2051 Plut.
290 2011 389 2051 567.
412 2011 527 2053 Ran-
560 2013 684 2053 1042.
717 2012 749 2051 ἐν
769 2014 852 2059 ταῖς
885 2011 1049 2062 πόλεσιν,
1084 2012 1224 2067 VeSp.
1257 2014 1358 2056 655.
1389 2017 1460 2055 ἀπὸ

148 2070 220 2106 τῶν
239 2066 391 2107 πόλεων.

208 2122 662 2165 Proceleusmaticum
685 2125 741 2164 ab
776 2124 860 2165 hoc
897 2125 1170 2177 anapaestico
1192 2138 1365 2179 semper
1383 2141 1461 2168 ex-

150 2178 410 2219 cludendum
443 2193 558 2229 esse,
583 2179 843 2233 jamdudum
869 2182 1016 2221 monui
1050 2182 1095 2221 in
1124 2181 1382 2234 Appendice
1403 2185 1460 2226 ad

148 2234 389 2288 Toupium.
440 2236 496 2276 Et
528 2237 776 2289 ubicunque
807 2237 903 2276 tolli
938 2241 1088 2289 potest
1122 2239 1289 2278 tantilla
1319 2245 1462 2281 muta-

149 2290 287 2340 tione,
309 2297 475 2344 quanta
498 2296 566 2332 est
590 2291 778 2347 πρόσχετε
811 2305 890 2344 pro
924 2291 1143 2348 προσέχετε,
1177 2294 1274 2347 quis
1305 2296 1460 2337 tollen-

143 2345 253 2386 dum
274 2348 463 2399 negabit,
490 2348 574 2388 nisi
598 2350 673 2402 qui
694 2349 858 2400 digitos
892 2349 1030 2399 solos,
1061 2363 1146 2391 non
1171 2363 1336 2401 aurem,
1356 2363 1460 2393 con-

147 2402 261 2444 sulat
282 2404 300 2444 ’ἲ
333 2403 386 2444 In
408 2404 546 2458 Vesp.
567 2405 693 2446 1010.
719 2404 864 2445 codex
894 2405 1105 2448 Brunckii
1124 2404 1312 2461 πρόσχετε
1331 2409 1459 2450 obtu-
