1566 2789
119 41 203 84 108

161 165 234 196 τόδε
253 169 284 194 et
299 164 392 194 τοῦτο
408 162 538 197 confusa
553 165 615 194 737

122 208 235 248 ὁδηγὸς
251 210 293 238 26

119 252 199 284 ὅθεν.
246 250 331 280 Usus
346 248 443 279 rarior
456 248 487 278 h.
502 259 533 278 v.
548 250 611 279 584

119 307 147 325 οι
163 305 202 324 an
218 293 294 324 elidi
310 292 407 333 possit
424 294 505 323 1338

121 336 155 368 οἶ
165 344 196 367 et
211 334 233 379 ᾗ
247 336 377 367 confusa
396 336 488 365 1127.
505 336 587 365 1694

120 381 252 415 οἰνοπὸς,
269 377 393 410 οἰνωπὸς
410 380 470 408 115

119 423 182 455 οἷος
198 423 220 454 i.
238 433 265 463 q.
280 421 328 453 ὅτι
343 421 428 452 τοῖος

121 465 266 503 ὀλιγάκις
290 474 347 494 vox
373 462 512 504 Tragicis
539 471 651 503 parum
675 471 763 492 usur-

166 514 239 550 pata
254 510 318 539 909

121 553 248 590 ὅμαιμος
263 556 296 581 et
310 549 446 589 ὁμαίμων
461 548 590 579 confusa
603 550 668 579 796

121 594 239 634 ὁμιλία,
256 593 411 632 ὁμηλικία,
423 590 530 630 ἡλικία
539 590 668 621 confusa
680 591 764 620 1080

121 639 204 678 ὄμμα
219 636 444 679 periphrastice
465 639 649 674 usurpatum
671 636 766 664 1080.

167 681 250 719 ὄμμα
265 685 297 711 et
313 679 410 718 ὄνομα
424 678 554 709 confusa
570 679 653 707 1080

124 724 261 763 ὀμνύναι.
283 723 350 763 μὰψ
365 722 476 761 ὀμόσαι
494 723 575 752 1531

123 768 218 806 ὄνομα
229 766 455 808 periphrastice
470 767 656 803 usurpatum
670 763 765 793 1080.

167 810 263 849 ὄνομα
277 816 308 840 et
325 808 408 848 ὄμμα
423 808 555 838 confusa
572 808 654 836 1080

123 852 237 885 ὃπαδὸς
253 852 370 883 Atticis
386 855 567 891 usurpatum
584 851 626 880 26

121 896 181 934 ὅπη
197 901 229 927 et
244 896 314 927 ὅποι
328 898 402 928 421.
416 897 479 925 627

121 939 236 977 emnam
249 942 291 970 26

121 982 232 1014 ὅπλον.
257 983 290 1014 ἐν
305 980 412 1012 ὅπλοις
428 984 460 1009 et
484 978 614 1010 ἔνοπλος
635 976 765 1007 confusa

164 1029 247 1058 1281

121 1068 201 1100 ὅποι.
247 1067 327 1098 Vide
343 1065 403 1104 ὅπη

122 1112 217 1143 ὁπότε
234 1117 265 1142 et
280 1110 333 1142 ὅτε
349 1109 479 1140 confusa
492 1110 555 1138 983

123 1155 200 1186 ὅπου
215 1165 287 1185 cum
302 1153 513 1194 conjunctivo,
537 1148 703 1181 subaudito
727 1148 765 1180 ἅν

168 1201 241 1230 141.
284 1196 359 1228 ὅπου
373 1207 411 1234 γε
427 1198 489 1226 538

125 1242 216 1277 ὅπως,
234 1240 309 1279 'ut,’
326 1239 364 1269 de
381 1236 613 1268 constmctione
634 1237 708 1266 6⁴16.
736 1233 764 1265 ἔ-

165 1283 288 1319 πλευσ’,
305 1282 384 1313 ὅπως
396 1280 544 1315 ἔπλευσα,
560 1284 621 1310 etc.
638 1281 680 1310 79

123 1328 210 1368 ὁρᾷν.
235 1327 329 1367 ὁρᾷςς
346 1328 408 1356 581

122 1369 258 1410 ὀρθεύειν
272 1372 356 1400 1013

124 1412 233 1452 ὀρθοῦν
250 1415 333 1443 1013

123 1455 216 1495 ὀρθῶς
231 1460 262 1485 et
278 1455 380 1485 καλῶς
395 1451 524 1483 confusa
541 1452 602 1481 110

124 1499 229 1537 ὁρμεῖν
244 1497 293 1530 ἐπὶ
309 1495 446 1537 ἀγκύρας
464 1497 506 1526 69

122 1541 166 1576 ὃς,
197 1542 227 1579 ἢ,
259 1540 286 1572 ὅ.
330 1540 382 1569 An
417 1547 474 1580 pro
503 1536 551 1568 ὅτι
576 1533 677 1571 οὗτος,
704 1539 767 1565 etc.

123 1626 196 1659 ὅσος
233 1637 304 1658 cum
333 1624 474 1666 optativo
503 1627 537 1652 et
562 1620 788 1668 conjunctivo-⁸

122 1712 218 1745 ὅστις.
251 1710 335 1747 Ζεὺς,
360 1710 447 1742 ὅστις
469 1709 486 1739 ὁ
508 1707 591 1742 Ζεὺς,
611 1711 673 1737 etc.
687 1707 763 1737 412.

165 1756 252 1787 ὅστις
268 1753 354 1787 ἐστὶν
369 1755 385 1785 ὃ
400 1752 496 1793 ξένος,
512 1756 574 1782 etc.
590 1752 684 1781 1645.
710 1749 761 1778 An

164 1809 220 1839 pro
236 1798 269 1830 ὅς
286 1801 366 1830 1681

122 1842 175 1874 ὅτε
190 1852 262 1872 cum
284 1840 483 1881 imperfecto,
510 1843 683 1877 praegresso
711 1844 763 1864 eo-

164 1885 234 1915 dem
252 1890 391 1923 tempore
417 1884 492 1914 372.
538 1878 591 1909 ὅτε
613 1883 645 1908 et
669 1876 763 1908 ὁπότε

164 1927 295 1958 confusa
309 1929 371 1958 983

121 1970 246 2006 ὀτοβεῖν
274 1968 483 2004 scribendum,
521 1974 584 1995 non
621 1962 763 1998 ὀττοβεῖν

120 2016 448 2089 ὂτέἒοῗῗρῑῐὺεηᾱυω,
463 2061 526 2082 non
538 2048 664 2081 ὀττοτοὶ
679 2050 762 2079 1386

121 2099 156 2130 οὐ
172 2104 205 2128 et
217 2097 260 2137 μὴ
275 2097 406 2128 confusa
417 2098 512 2127 1172.
557 2093 647 2131 Saepe
663 2091 761 2121 inter-

161 2141 335 2181 rogativam
364 2138 487 2179 expulit
513 2135 659 2176 negativa
684 2135 759 2164 792.

162 2183 271 2215 Crasis
285 2182 318 2213 in
339 2182 401 2221 ἐγὼ
426 2181 461 2212 οὔ
474 2183 549 2211 483.
593 2177 629 2208 οὐ
644 2188 704 2208 κατ
714 2193 758 2198 -

163 2232 196 2257 et
211 2225 266 2257 οὐκ
281 2224 513 2257 &vr—confusa
528 2223 588 2253 581

118 2270 228 2300 οὔκουν
242 2272 274 2299 et
290 2268 401 2299 οὐκοῦν
414 2266 546 2298 confusa
563 2264 646 2295 1236

119 2310 220 2344 οὗτος.
248 2311 333 2342 τοῦτ’
363 2311 462 2341 ἐκεῖνο
489 2311 564 2340 794.
606 2305 720 2354 τοῦτ-οη.
727 2308 760 2333 et

159 2355 260 2385 ταῦτα
285 2353 416 2384 confusa
441 2355 516 2384 737.
543 2351 643 2395 777.η
663 2357 758 2377 τουτο

160 2402 193 2427 et
220 2396 293 2428 τόδε
318 2396 447 2427 confusa
472 2398 489 2424 7
496 2396 548 2426 37.
604 2393 697 2422 οὗτος
725 2394 758 2419 et

161 2440 277 2471 ἐκεῖνος
291 2439 422 2470 confusa
436 2439 500 2468 585
749 2473 757 2485 ,

117 2483 260 2522 ὀχεῖσθαι
275 2481 325 2513 ἐπὶ
352 2480 498 2521 ἀγκύρας,
525 2482 586 2508 ete.
611 2478 665 2507 69.
710 2474 749 2506 ἐπ

161 2525 298 2561 ἐλπίδος,
314 2529 377 2555 etc.
392 2526 446 2555 69.
488 2520 538 2553 ἐπὶ
554 2519 655 2561 ῥώμης
669 2519 723 2550 69.

117 2568 216 2610 ὄχλος
230 2573 262 2600 et
276 2567 372 2609 χορὸς
386 2565 517 2598 confusa
531 2567 593 2596 605

567 50 741 83 INDEX
767 49 1006 83 GRAECUS.

1109 165 1147 191 Π.

805 256 829 274 π
844 248 875 274 et
889 255 909 274 τ
925 243 1054 274 confusa
1070 247 1130 276 581

805 297 873 326 παγ
881 304 924 310 -
934 293 965 317 et
978 288 1037 318 παῖ
1048 287 1177 318 confusa
1190 290 1251 319 301

806 329 902 361 πάθος
913 333 931 362 3

807 371 908 404 παίειν
923 373 1009 412 ξίφος
1026 375 1109 404 1427

807 416 866 446 παῖ
879 422 910 446 et
925 416 974 447 καὶ
991 417 1121 447 confusa
1135 418 1210 448 614.
1252 416 1310 447 παῖ
1327 422 1361 446 et
1379 427 1448 455 παγ

852 476 895 480 -—
909 459 1040 489 confusa
1057 462 1117 490 301

809 501 976 540 παλαγμός
989 505 1053 533 909

809 543 904 575 πάλιν
918 544 1103 584 ἀνέρχεσθαι
1115 547 1179 576 800

809 587 992 619 παλίνσκιος
1013 590 1092 619 1259

809 630 1021 661 παλινσκοπιὰ
1039 633 1122 662 1259

808 674 1033 713 παλινστομεῖν
1048 676 1133 705 1259

809 716 1086 757 παλινστρόβητος
1104 719 1189 748 1259

808 759 943 791 πάλλειν
957 770 1051 790 sensu
1069 759 1171 790 medio
1185 762 1250 791 316

808 804 966 843 πανταχῆ,
982 803 1146 842 πανταχοῦ
1160 805 1224 833 750

807 846 890 886 παρὰ
907 852 936 875 et
952 845 1027 885 πρὸς
1042 846 1171 876 confusa
1184 848 1248 876 679

808 888 989 929 παραψυχή.
1035 888 1085 919 De
1101 888 1276 929 quantitate
1292 888 1322 918 h.
1338 898 1367 918 v.
1383 890 1425 919 62

807 932 904 972 πάρος
921 935 1002 963 1605

807 975 920 1015 πατήρ.
954 975 1005 1005 De
1022 974 1195 1015 quantitate
1211 973 1309 1015 genit·
1334 972 1450 1013 πατρὸς

807 1059 941 1092 πέλανος
955 1064 1018 1092 214

809 1104 950 1139 Πελειὰς,
968 1104 1083 1136 Πλειὰς
1098 1105 1179 1135 1001

808 1146 918 1178 πέλειν
932 1150 973 1178 73

808 1189 1023 1230 πεπρωμένων,
1045 1200 1270 1231 πεπραγμενων
1292 1193 1324 1218 et
1346 1189 1449 1229 δεδρα-

851 1232 950 1272 μένων
966 1233 1095 1264 consusa
1113 1236 1191 1265 1311

809 1277 906 1317 περᾷν
919 1286 1011 1306 sensu
1029 1277 1130 1306 activo
1149 1278 1231 1308 1427

809 1320 877 1359 περὶ
892 1326 924 1348 et
940 1318 1013 1359 ὑπὲρ
1028 1320 1156 1350 confusa
1174 1322 1253 1350 1311

810 1363 918 1400 πέτρα,
933 1361 1046 1403 πέτρος
1061 1365 1121 1393 971

810 1406 864 1446 πῇ.
885 1406 929 1446 πῇ
943 1404 1000 1442 μὲν
1012 1423 1064 1441 -—,
1081 1406 1122 1447 πῇ
1139 1405 1228 1438 δὲ-
1241 1407 1315 1436 350.
1359 1405 1402 1446 πῇ
1416 1410 1447 1434 et

852 1449 908 1478 ποῖ
920 1448 1048 1479 confusa
1065 1451 1128 1480 504

809 1492 940 1528 πινώδης
955 1502 1027 1521 cum
1042 1491 1180 1531 genitivo
1192 1494 1256 1523 219

808 1534 934 1565 πίπτειν
957 1545 1029 1564 cum
1053 1534 1158 1565 dativo
1180 1538 1233 1566 88.
1275 1532 1399 1564 πίπτειν
1419 1538 1451 1563 et

851 1578 972 1607 πιτνεῖν
987 1577 1117 1607 confusa
1134 1581 1213 1609 1521

809 1621 928 1650 πιτνεῖν
942 1621 1041 1651 forma
1063 1621 1169 1661 pobfis
1192 1618 1352 1651 familiaris
1378 1619 1446 1648 vul-

854 1664 980 1702 garique
996 1663 1122 1694 πίπτειν
1137 1673 1220 1704 saepe
1236 1673 1291 1703 per
1307 1661 1446 1692 librario-

848 1715 917 1735 rum
930 1706 1105 1736 socordiam
1118 1707 1229 1736 cedere
1241 1711 1350 1736 coacta
1362 1706 1445 1735 1521

806 1747 932 1783 Πλειὰς,
950 1749 1081 1781 Πελειᾶς
1096 1752 1178 1781 1001

807 1790 955 1829 πλεύμων
970 1794 1032 1823 271

807 1833 927 1874 πλευρὰ
941 1840 973 1865 et
983 1833 1119 1875 πλευρὸν
1131 1834 1261 1865 confusa
1275 1835 1338 1866 217

806 1876 936 1912 πλήθειν
951 1877 990 1907 de
1005 1878 1068 1913 via,
1085 1882 1147 1908 etc.
1162 1880 1202 1909 54

805 1918 890 1955 πλήν
903 1930 943 1958 γε
955 1923 1018 1951 533

806 1961 952 1998 πλήσσω.
968 1962 1102 2002 πληγεὶς
1117 1972 1190 1993 cum
1205 1961 1317 2004 geniti=
1327 1971 1345 1992 o
1361 1965 1420 1993 491

805 2005 948 2044 πνεύμων
960 2009 1022 2038 271

805 2048 942 2087 ποδαγὸς
954 2048 1070 2080 Atticis
1079 2052 1262 2089 usurpatum
1272 2049 1325 2080 26.
1338 2046 1449 2086 [Conf-

848 2098 915 2122 not.
940 2092 981 2122 ad
1003 2092 1157 2123 Phoeniss.
1172 2102 1201 2122 v.
1219 2093 1314 2123 1728.
1339 2091 1380 2121 G.
1398 2091 1445 2121 H,

845 2133 897 2175 S.]

801 2176 937 2216 ποδηγὸς
952 2180 995 2209 26

802 2220 859 2250 ποῖ
870 2225 901 2250 et
917 2221 964 2261 πῇ
978 2218 1109 2251 confusa
1123 2221 1186 2250 504

802 2260 905 2299 πόλις,
920 2262 1048 2303 πόλεος,
1062 2261 1185 2294 πόλεως
1198 2264 1273 2293 887.

802 2304 1016 2347 πολύχρυσος.
1069 2305 1122 2337 De
1151 2304 1326 2346 quantitate
1354 2305 1385 2336 h.
1415 2315 1444 2334 v-

843 2351 885 2380 64

801 2387 894 2422 πόνος
910 2396 943 2422 et
958 2389 1054 2431 φόνος
1067 2388 1194 2420 confusa
1208 2392 1293 2423 1559

801 2433 935 2466 ποτανὸς
951 2439 984 2464 et
997 2431 1114 2465 πτανὸς
1128 2432 1258 2464 confusa
1272 2436 1334 2466 981

801 2476 878 2508 ποτὲ
893 2477 1005 2513 fortius
1018 2477 1215 2516 interrogans
1229 2479 1293 2508 209

801 2517 923 2550 πότνια.
968 2520 1020 2550 De
1037 2518 1210 2560 quantitate
1227 2519 1258 2551 h.
1272 2530 1301 2550 v.
1316 2521 1402 2552 1246

802 2562 863 2593 ποῦ
879 2569 910 2593 et
925 2562 961 2594 οὐ
975 2562 1104 2594 confusa
1121 2564 1185 2594 792
