1596 2824
341 141 556 168 ADDENDA
578 141 625 167 IN
658 141 787 170 No'rrs
811 142 869 168 AD
892 142 1120 170 HECUBAM.
1338 133 1395 175 79

69 234 203 285 Kingii
222 233 405 286 effugere.
463 235 580 274 Cant.
601 236 701 273 enim
729 235 831 273 idem
864 235 1040 273 scholion
1062 235 1194 282 habet,
1223 242 1262 275 et
1289 238 1392 277 clare

68 289 164 339 legit
183 290 311 326 πάλιν.
370 289 413 325 In
444 288 650 339 Sophoclis
680 289 912 339 fragmento,
932 289 1038 339 quod
1064 296 1242 328 exstetne
1269 290 1307 328 in
1329 304 1393 329 su-

68 342 292 392 perstitibus
321 341 475 388 fabulis,
504 355 639 388 necne,
672 343 819 389 nescio,
856 342 1083 392 [Sophoclis
1113 343 1221 381 loeus
1253 343 1394 395 legitur

59 396 107 433 ·in
130 396 273 433 Electr.
293 409 330 433 v.
361 397 453 434 957.
473 397 581 445 (952.
603 408 699 433 meae
720 395 800 439 ed.)
823 395 1031 446 Erfurdt]
1059 395 1162 433 idem
1183 397 1261 434 Ms.
1291 406 1394 437 recte

71 448 191 486 οὐδέν.
205 448 486 500 Affistophanes
503 449 575 499 Eq.
593 449 683 487 665.
696 448 763 485 ”Ιν’
782 450 866 485 ἅτθ’
884 449 903 485 ὁ
918 451 1025 496 κῆρυξ
1037 450 1099 487 &inc
1110 449 1395 499 Λακεδαίμονος

68 505 186 561 λέγει,
210 502 392 548 Πύθησθ’·
415 504 562 554 ἀφῖκται
585 505 656 550 γὰρ
669 500 930 550 περὶσπονὸῶν
949 504 1089 549 λέγων.
1144 503 1237 541 Jure
1258 504 1396 555 displi-

66 555 147 592 cuit
168 555 364 593 Brunekio
382 555 485 593 istud
504 559 642 603 λέγωι,
660 554 765 605 quod
784 561 823 591 et
841 554 916 592 alio
936 555 1091 592 nomine
1106 556 1292 596 vitiosum
1312 566 1392 604 est;

69 607 239 647 debebat
266 609 367 646 enim
396 608 526 658 potius
557 621 644 645 esse
673 612 788 654 λέξων
808 608 903 645 vel'
889 615 994 654 span.
1051 608 1130 645 Sed
1160 623 1288 660 neque
1318 611 1393 649 hoc

67 668 216 700 rectum
232 668 348 705 esset,
377 668 420 698 ut
440 661 627 711 exemplis
656 661 817 710 patebit.
874 661 1154 711 Aristophanes
1177 663 1249 702 Av.
1276 665 1392 703 1531.

60 715 217 761 Ἠξουσι
232 714 402 763 πρεσβεις
418 713 524 764 δεῦρο
538 716 616 760 περὶ
633 713 866 762 διαλλαγῶι.
885 714 999 751 1576.
1027 713 1176 752 Ἀλλ
1151 719 1178 752 ὠ
1193 717 1292 764 ’γᾶθ’
1307 719 1394 770 ῄρὴ-

50 771 190 819 ,μεσθα
218 784 298 815 περι
327 767 548 814 διαλλαγῶν
569 766 766 815 Πρέσβεις.
791 767 904 804 1586.
917 767 1246 815 -πρεσβεὺοντες
1274 757 1395 808 §1648

67 824 205 872 ηκομεν
224 821 337 869 Παρὰ
360 828 432 858 τῶν
452 823 545 858 θεῶν
573 821 652 869 περὶ
681 823 846 870 πολέμου
874 822 1127 868 καταλλαγῆς.
1155 823 1269 860 1594.
1298 824 1393 861 Tov'-

68 890 141 913 των
159 876 241 922 περὶ
268 879 418 912 πάντων
441 875 694 921 αὐτοκράτορες
721 876 868 921 ἤιομεν.
899 873 992 910 Pac.
1013 875 1106 911 215.
1138 875 1330 913 Κᾶλθοιεν
1358 877 1393 914 οἱ

69 927 247 966 Λάκωνες
272 929 417 996 εἰρήνης
445 930 541 975 πέρι.
573 926 732 976 Lysistr.
755 927 847 963 982.
876 926 1002 975 Κάρυξ
1030 928 1140 975 ἐγὼν,
1161 932 1187 965 ὠ
1207 935 1392 979 κυρσάνιε,

66 997 129 1018 ναι
155 983 204 1019 τὼ
226 982 306 1025 σιὼ,
318 981 487 1029 ”Εμολον
518 980 590 1016 ἀπὸ
617 979 786 1027 Σπάρτας
814 995 866 1027 γα
895 994 975 1028 περι
1004 978 1236 1029 διαλλαγῶν.
1279 984 1396 1022 1008.

68 1033 180 1071 ”Αλλ
207 1036 250 1071 ὡς
279 1034 438 1084 τάχιστα
470 1033 587 1083 φράξε
615 1034 697 1079 περὶ
725 1032 945 1080 διαλλαγῶν
974 1032 1255 1083 Αὑτοκράτορας
1286 1040 1396 1083 πρέσ-

69 1087 184 1132 βεις’
168 1090 403 1134 (ιποπέμπειν
423 1085 562 1123 ἐνθαδί.
619 1086 681 1122 Sic
710 1086 786 1122 ista
813 1085 901 1123 loca
931 1084 1014 1123 sine
1043 1087 1205 1124 articulo
1226 1088 1396 1138 legenda

72 1146 175 1178 sunt.
210 1139 325 1177 Adde
355 1139 530 1189 ejusdem
561 1138 704 1175 fabulae
742 1140 856 1176 1103.
894 1139 978 1175 Ἐπὶ
1008 1143 1042 1176 τί
1071 1141 1232 1188 πάρεστε
1265 1142 1395 1190 ὃεῦρος

49 1195 153 1242 >περὶ
185 1191 406 1240 διαλλαγῶν
428 1191 628 1240 Πρέσβεις.
686 1191 790 1233 Quid
824 1191 940 1241 igitur
969 1193 1093 1230 versui
1119 1206 1165 1231 ex
1188 1194 1394 1243 Equitibus

69 1246 250 1283 desumto
286 1245 504 1282 faciemus?
557 1245 670 1281 Unus
708 1245 892 1281 Brunckii
931 1244 1010 1282 Ms.
1050 1246 1086 1282 in
1125 1247 1250 1297 priore
1281 1261 1396 1286 versu

68 1299 200 1344 habet,
229 1301 337 1345 λέγει
357 1299 486 1344 πάλιν,
517 1298 613 1334 alter
645 1301 775 1345 λέγειν
795 1299 925 1335 πάλιν.
984 1298 1082 1336 Dele
1112 1299 1228 1348 igitur
1254 1304 1392 1348 λέγων,

69 1365 118 1390 ex
144 1355 251 1399 λέγει
280 1351 339 1389 vel
369 1355 500 1399 λέγειν
531 1357 679 1395 natum,
709 1358 748 1387 et
776 1363 933 1401 repone,
955 1352 1024 1388 “[v’
1051 1353 1134 1389 ἄτθ’
1161 1353 1179 1388 ὁ
1209 1354 1314 1400 κῆρυξ
1332 1355 1395 1392 ὁὺκ

70 1404 353 1453 Λακεδαίμονος
381 1408 501 1452 λέγει,
528 1403 715 1448 Πύθησθ’,
735 1406 881 1451 ἀφῖκται
909 1408 982 1453 γὰρ
1011 1407 1092 1451 περὶ
1123 1405 1294 1443 σπονδῶν
1322 1409 1393 1445 πά·

70 1462 146 1497 λιν.
204 1458 309 1495 Nub.
329 1458 422 1494 971.
444 1455 490 1494 αὖ
521 1458 638 1494 πάλιν
663 1456 848 1494 omittunt
877 1458 1010 1495 Suidae
1043 1457 1135 1496 edd.
1166 1458 1274 1496 Med.
1303 1459 1394 1499 Ald.

68 1525 105 1550 v.
126 1511 336 1561 Συμψῆσαι.

124 1565 271 1602 Demus
301 1563 419 1614 igitur
454 1566 570 1601 πάλιν
607 1563 876 1606 retinendum3
907 1565 1028 1602 altera
1060 1564 1227 1614 quaestio
1262 1566 1395 1612 oritur,

68 1626 198 1656 utrum
217 1617 394 1668 legamus
416 1617 573 1653 omnino
593 1629 680 1653 cum
703 1617 874 1661 Stobaeo,
889 1624 933 1654 ut
951 1618 1033 1667 ipse
1055 1617 1174 1663 edidi,
1195 1631 1242 1654 an
1266 1618 1395 1656 mixtis

70 1670 250 1709 codicum
271 1676 309 1708 et
330 1669 478 1707 Stobaei
498 1669 730 1706 lectionibus
749 1682 886 1706 novam
902 1670 1130 1715 conflemus,
1150 1672 1171 1714 ἢ
1190 1679 1256 1708 νῦν
1272 1674 1396 1719 λέγων

71 1726 157 1769 ἔστ’,
176 1725 197 1769 ἢ
217 1724 333 1761 πάλιν
351 1726 485 1772 μέλλει
505 1725 649 1769 λέγειν.
708 1722 783 1765 Qui
810 1722 911 1760 hanc
940 1723 1163 1773 praeferunt,
1185 1724 1307 1761 tribus
1325 1737 1395 1775 po-

69 1777 261 1814 tissimum
282 1775 521 1825 argumentis
541 1775 707 1812 fortasse
737 1775 921 1813 nitentur.
978 1775 1107 1812 Primo
1127 1776 1232 1825 quod
1254 1789 1396 1826 prono-

70 1843 159 1868 men
197 1846 247 1867 τις
277 1828 462 1865 inutiliter
494 1827 691 1871 abundem
732 1827 873 1865 deinde
907 1828 1013 1878 quod
1053 1829 1102 1865 ab
1140 1842 1218 1866 uno
1257 1829 1393 1868 codice

71 1884 195 1928 abest,
227 1883 265 1919 in
297 1881 417 1919 altero
449 1880 582 1918 sedem
611 1887 748 1925 mutat,
780 1895 868 1931 quae
897 1894 958 1918 res
992 1882 1117 1918 ambae
1150 1882 1394 1932 suppositum

70 1949 157 1974 esse
185 1935 300 1973 fidem
332 1933 503 1977 faciunt;
535 1933 640 1984 quod
674 1911 840 1984 deriique
871 1934 1105 1993 periphrasis
1137 1938 1265 1982 λέγων
1290 1937 1393 1974 ἔστιν

69 1988 286 2040 elegantior
304 1994 364 2024 est
379 2000 497 2037 quam
517 1986 680 2046 simplex
699 1990 819 2035 λέγει.
877 1986 955 2024 Sed
976 1987 1024 2024 de
1041 1988 1162 2037 primo
1182 1988 1394 2026 observan-

71 2041 163 2080 dum
192 2047 265 2087 est,
294 2040 468 2077 librarios
498 2040 712 2091 saepissime
739 2053 785 2077 ea
813 2040 929 2077 verba
956 2040 1145 2086 omittere,
1168 2054 1257 2091 quae
1287 2041 1396 2079 salva

72 2094 267 2133 sententia
287 2094 441 2131 afutura
460 2093 639 2136 credunt,
663 2100 715 2138 et,
735 2105 822 2130 cum
843 2109 892 2130 τις
911 2093 971 2130 vix
993 2106 1163 2152 unquam
1193 2095 1323 2132 sensui
1344 2095 1394 2132 sit

70 2161 227 2199 prorsus
248 2147 526 2191 necessarium,
557 2145 594 2183 id
627 2146 728 2182 hanc
759 2152 899 2183 sortem
929 2159 1010 2197 prae
1039 2146 1178 2183 ceteris
1198 2147 1394 2197 plerisque

71 2201 197 2238 verbis
226 2206 427 2250 expertum
454 2199 588 2236 fuisse.
619 2199 789 2248 [Passim
810 2199 880 2235 viri
900 2198 1004 2236 docti
1020 2198 1134 2249 hujus
1156 2200 1395 2248 pronominis

71 2253 226 2304 ellipsin
245 2252 500 2297 somniarunt,
521 2252 585 2290 ubi
605 2252 721 2302 culpa
740 2251 979 2288 librariorum
997 2252 1208 2297 excider,at
1227 2261 1317 2303 post
1336 2266 1397 2291 re-

71 2314 223 2358 pertum
263 2306 302 2343 in
339 2305 456 2343 codd.
487 2305 536 2343 V.
567 2312 648 2342 not.
679 2305 728 2342 ad
769 2305 935 2355 Dionys.
970 2304 1061 2342 Hal.
1096 2305 1145 2341 A.
1178 2306 1226 2343 R.
1254 2307 1305 2344 X.
1332 2308 1394 2344 10.

74 2359 123 2397 G.
143 2360 198 2398 H.
216 2359 274 2408 S.]
332 2358 538 2408 SophoclIs
554 2357 692 2395 Trach.
716 2359 752 2395 3.
784 2370 901 2408 supra
927 2357 1040 2394 citavi
1061 2357 1110 2394 ad
1129 2358 1279 2397 Hecub.
1302 2361 1394 2397 370.

72 2412 131 2449 Ibi
168 2419 298 2450 tamen
327 2412 474 2461 priores
512 2410 642 2448 Suidae
676 2424 715 2448 v.
750 2411 858 2448 Αἱὼι
894 2409 1082 2447 editiones
1117 2427 1164 2448 τω
1197 2411 1395 2449 omittunt.

72 2464 151 2502 Sed
172 2465 257 2516 quis
283 2465 372 2502 ideo
401 2464 613 2521 vulgatam,
641 2477 757 2514 quam
789 2464 970 2500 Stobaeus
989 2476 1144 2513 quoque
1165 2477 1224 2502 cv.
1245 2478 1283 2516 p.
1305 2466 1396 2502 439.

73 2519 180 2564 (562.
227 2519 310 2565 43.)
350 2518 502 2563 retinet,
554 2514 760 2555 sollicitaie
806 2515 976 2553 audeat?
1033 2515 1144 2554 Idem
1182 2517 1220 2554 in
1258 2517 1395 2555 eadem

73 2570 207 2610 fabula
251 2573 343 2610 943.
397 2572 481 2609 ὥστ’
521 2571 556 2608 εἰ
592 2587 643 2609 τις
695 2569 759 2607 δύο
786 2569 843 2607 H
883 2571 941 2606 καὶ
988 2571 1121 2607 πλέους
1166 2586 1215 2608 τις
1262 2573 1395 2622 ἡμέρας
