1596 2824
473 94 642 124 INDEX
681 93 921 125 GRAECUS.

44 183 162 224 τυφλὸς
186 185 273 220 ποὺς,
294 185 401 226 τυφλὴ
427 186 498 227 χεὶρ
516 189 609 219 1032.
634 199 687 217 τυ-

86 227 171 266 φλὸν
181 227 303 267 φέγγος
320 232 403 260 1050

43 270 131 310 Τύχη
143 276 178 300 ut
190 282 303 301 nomen
319 272 471 313 propr-ium
488 274 549 304 774

43 326 86 353 τῳ
102 316 174 345 371.
192 314 276 344 Add.
295 318 374 347 1161

351 448 387 474 Ὺ.

46 527 148 568 ὑγρός.
171 528 223 560 De
237 529 456 570 quantitateh.
471 540 501 559 v.
518 529 561 559 xli

46 571 120 612 ὑπὲρ
142 572 254 644 (uhltra)
277 575 328 603 53.
345 575 418 603 659.
442 572 494 603 De
510 570 692 603 constructi-

86 626 145 646 one
171 616 262 656 huJus
291 615 520 656 praepositionis
536 618 587 647 53.
615 615 691 655 ὑπὲρ

88 664 120 688 et
134 657 195 688 ἀπὸ
210 658 339 688 confusa
354 662 417 689 (559

46 700 256 741 ὑπερβάλλειν
285 706 317 731 et
354 701 534 742 ὑπερφέρειν
561 702 691 733 confusa

46 787 225 827 ὑπερφέρειν
248 787 435 829 (excellere)
460 791 535 819 268.
558 788 688 829 ὑπερφέ-

88 841 152 869 ρειν
165 836 198 860 et
214 829 424 870 ὑπερβάλλειν
438 831 569 862 confusa
582 834 646 863 268

48 872 104 904 ὑπὸ
127 882 198 904 cum
224 874 360 914 genitivo
380 879 412 904 et
426 875 602 906 accusativo
618 877 690 906 146.

91 915 147 946 ὑπὸ
173 921 206 946 et
232 917 265 947 ἐν
290 918 419 947 confusa
449 920 543 949 1128.
574 918 632 949 ὑπὸ
659 923 692 948 et

89 959 163 998 πρὸς
178 959 307 989 confusa
321 962 384 991 762

47 1002 195 1037 ὕποπτος,
214 1001 367 1052 ὑπόπτως,
384 1002 482 1033 active
501 1006 582 1035 1117

48 1043 81 1075 ὑς
96 1044 224 1076 Βοιωτία
238 1045 303 1076 xliii

348 1178 383 1205 Φ.

49 1259 259 1298 φαεννότατον
272 1259 378 1298 ἔρεβος
394 1262 476 1291 1050

50 1301 179 1342 φαίνειν.
208 1302 337 1342 φανείην
366 1308 398 1332 et
427 1302 536 1342 φανείη
565 1303 693 1333 confusa

93 1348 166 1376 842.
181 1345 325 1385 φαναίην,
337 1344 478 1385 φανοίην,
490 1346 621 1376 barbara
630 1349 693 1378 842

51 1387 129 1428 φάος
143 1389 182 1419 (16
198 1390 334 1420 tenebris
348 1392 442 1420 1050.
466 1387 546 1429 φάος
572 1394 604 1419 et
630 1391 694 1429 φῶς

94 1431 221 1462 confusa
235 1435 310 1463 662.
326 1431 411 1462 Add.
432 1436 511 1464 1161

53 1474 111 1513 φεῦ
125 1480 211 1504 extra
225 1485 345 1505 versum
362 1479 401 1506 55

53 1516 155 1556 φίλιος
169 1522 200 1547 et
215 1517 308 1557 φίλος
323 1518 451 1548 confusa
465 1520 538 1549 846.
554 1520 615 1549 921

54 1558 224 1600 φιλόξενος,
248 1561 299 1591 De
313 1561 472 1591 femininis
487 1561 517 1590 h.
529 1572 558 1591 v.
572 1571 590 1590 v

54 1601 155 1643 φίλος.
172 1603 239 1642 φίλ’
255 1604 371 1643 ἀνδρῶν
384 1604 425 1635 xl.
441 1603 533 1644 φίλος
547 1610 579 1635 et
592 1603 695 1645 φίλιος

97 1646 223 1678 confusa
237 1650 311 1679 846.
325 1650 385 1681 921

1325 85 1383 126 95

734 185 835 225 φόβος
846 190 878 216 et
893 184 987 225 φόνος
1002 186 1131 216 confusa
1146 189 1207 219 241

734 228 849 268 φοίνιος
861 234 893 259 et
909 228 1014 268 φόνιος
1028 229 1159 259 confusa
1173 233 1247 262 692.
1266 235 1348 264 1060

734 272 856 311 φονεύς.
901 272 951 302 De
967 272 1141 312 quantitate
1156 273 1272 304 ultima:
1289 286 1380 306 accu-

777 315 866 344 sativi
882 317 946 346 870

736 357 843 397 φόνιος
858 364 889 387 et
905 356 1023 397 φοίνιος
1038 358 1166 389 confusa
1179 362 1255 392 692.
1270 363 1354 393 1060

736 400 829 439 φόνος
845 406 877 430 et
891 400 990 439 φόβος
1006 400 1135 430 confusa
1148 404 1208 434 241

737 446 801 483 φῶς
815 449 846 474 et
861 442 941 483 φάος
955 443 1083 475 confusa
1098 446 1172 475 662.
1196 444 1285 477 Add.
1301 449 1381 478 1161

1039 575 1079 602 X.

735 656 899 697 χαίρεσθαι
914 659 979 688 426

735 699 906 754 χαροποιὺς
920 704 951 730 et
965 700 1132 741 χοροποιὸς
1147 701 1275 734 confusa
1289 706 1355 735 906

735 743 817 783 χείρ.
840 742 889 774 διὰ
903 743 1008 783 χερὸς,
1032 742 1081 774 διὰ
1095 745 1199 785 χερῶν
1213 748 1288 777 667.
1311 746 1384 787 χεὶρ

778 786 933 826 ἀριστερὰ,
950 785 1043 825 δεξιὰ,
1060 786 1153 827 plene
1170 790 1252 819 1133

735 828 940 870 Χεῤῥονήσιος
963 829 1105 869 Tragicis
1118 840 1180 860 non
1202 838 1383 873 usurpatum

736 914 945 955 Χερσονήσιος
959 918 979 946 8

735 958 900 999 χοροποιὸς
914 963 946 988 et
960 957 1127 999 χαροποιὸς
1140 958 1270 991 confusa
1284 963 1349 993 906

737 1001 832 1042 χρέος
846 1001 914 1037 σὸν,
930 1006 992 1032 etc.
1008 1004 1069 1033 963

737 1045 855 1085 χρῆμα·
871 1044 904 1076 τί
913 1044 1021 1084 χρῆμα
1036 1047 1099 1076 963

738 1089 820 1129 χρῆν
834 1088 876 1119 xi.
892 1089 974 1128 χρῆν
988 1098 1045 1129 pro
1057 1087 1175 1128 χρῆναι
1191 1091 1256 1122 260

1046 1221 1085 1247 Ω.

745 1298 762 1313 ‘³
798 1303 816 1331 3

738 1304 795 1375 ἔδξ
811 1349 843 1373 et
857 1344 936 1375 οὕτω
951 1344 1080 1375 confusa
1093 1343 1188 1375 xxviii

738 1388 788 1418 ὡς.
807 1387 1006 1418 Constructio
1018 1387 1111 1428 hujus
1119 1388 1282 1429 particulae
1292 1393 1387 1423 1206.

782 1429 821 1461 ὣς
832 1449 873 1453 -
886 1441 926 1469 ’γε
941 1433 1016 1462 346.
1041 1432 1081 1462 ὡς
1097 1437 1130 1461 et
1152 1430 1247 1471 amos,
1259 1434 1388 1465 confusa

782 1473 868 1503 Add.
886 1476 965 1505 1161

739 1516 843 1556 ὥσπερ
858 1523 890 1546 et
904 1516 985 1547 ὥστε
999 1516 1128 1547 confusa
1142 1517 1215 1547 xxiii

740 1559 833 1590 ὥστε.
864 1559 902 1589 In
923 1559 1123 1590 conclusione
1140 1560 1241 1593 xxxiv.
1258 1561 1340 1595 ὥστε
1355 1568 1386 1594 et

783 1602 886 1642 ὥσπερ
901 1602 1029 1633 confusa
1042 1602 1117 1634 xxiii

739 1644 836 1677 ὡύτὸς
850 1649 912 1678 295
