1566 2789
156 81 206 124 xl
350 90 759 127 SUPPLEMENTUM
792 92 858 126 AD
893 89 1278 126 PRAEFArioNEM.

214 196 288 239 Ad
304 197 446 251 Vesp.
466 198 565 240 396.
585 199 736 247 redeo,

273 256 390 295 Αὑτὸν
408 254 532 304 δήσας.
555 252 584 295 ὦ
599 254 828 311 μιαρώτατε,
849 255 887 296 τί
907 258 1043 307 ποιεῖςς
1066 259 1104 296 οὐ
1126 257 1175 307 μὴ
1198 254 1433 306 καταβήσειζ

160 311 378 354 Notaram
411 312 618 366 quaedam
650 314 870 366 exempla,
904 314 982 354 sed
1015 313 1149 353 hodie
1182 326 1268 353 non
1303 317 1405 353 sunt
1433 311 1478 352 in

158 375 382 422 promptu,
412 370 488 410 ubi
510 366 634 424 ἄνδρες
655 371 879 418 omittitur,
909 374 949 411 et
975 370 1192 423 quaedam,
1224 371 1301 410 ubi
1323 381 1478 422 super-

159 426 302 468 lativa
339 439 418 480 pro
452 427 663 478 positivis
699 428 1038 467 substituuntur.
1099 427 1282 468 Memini
1306 431 1477 466 tantum

158 483 204 523 in
226 483 415 536 Lysistr.
448 483 544 524 616.
576 482 749 538 ἄνθρωποι
781 484 943 525 habere
974 483 1204 537 plerasque
1238 482 1477 531 editiones,

159 540 283 594 ἄνδρες
297 539 627 582 Brunekianam
643 554 699 581 ex
719 540 845 590 Mss.,
864 545 1067 581 neutrum
1091 540 1270 581 Suidam
1289 553 1331 581 v.
1353 540 1478 579 Ἐπα-

159 595 387 648 ποὸυώμεθα.
448 597 501 637 In
537 610 666 638 versu
705 597 1016 650 Epigonorum,
1055 600 1133 636 Νῦν
1168 594 1244 636 αὖθ’
1276 594 1479 650 ὁπλοτέρων

161 655 295 709 ἀνδρῶν
316 651 537 712 ἀρχώμεθα,
563 658 728 703 Μοῦσαι,
750 655 932 695 citando
955 655 1087 706 ἀνδρῶν
1108 654 1265 694 omittit
1287 653 1478 694 Larche-

161 724 237 752 rus
270 711 326 752 ad
358 711 573 752 Herodot.
604 712 662 753 iv.
686 711 758 752 32.
773 711 851 751 ed.
872 717 956 753 utr.
979 711 1210 764 Aristoph.
1231 711 1356 751 Eccl.
1377 709 1477 751 742.

160 769 264 823 ἀνὴρ,
286 769 332 809 in
353 768 456 810 edd.
478 769 703 822 plerisque
726 769 956 818 omissum,
978 767 1141 808 addunt
1159 767 1187 807 J
1192 771 1313 816 unta,
1335 767 1479 808 codex

161 824 378 866 Brunckii
397 829 452 875 et,
474 830 522 866 ut
541 831 667 878 puto,
686 825 800 866 Rav.
824 825 1031 866 Cratinus
1051 823 1255 865 Athenaei
1274 824 1319 864 ii.
1342 837 1386 877 p.
1407 823 1479 865 68.

161 881 219 923 A.
251 886 423 922 Γλαῦκον
443 883 481 922 οὐ
502 881 590 936 πρὸς
610 883 743 929 παντὸς
764 880 885 936 ἀνδρός
906 883 1003 922 ἐστιν
1019 883 1180 936 ἀρτῦσαι
1202 884 1340 928 καλῶς.
1401 880 1477 921 Sic

160 939 409 992 legendum,
426 939 596 989 addito,
611 940 727 993 quod
743 939 987 988 exciderat,
1005 936 1139 992 ἀνδρός.
1172 938 1295 978 ldem
1313 937 1478 979 Suidas

161 996 208 1037 in
240 996 360 1038 Plut.
390 996 518 1037 1026.
542 1010 623 1050 pro
659 996 738 1045 φίλ’
769 996 850 1051 ἄνερ
881 996 1014 1037 habet
1044 994 1195 1048 φίλτατ’
1224 992 1323 1049 ἆνερ,
1356 995 1478 1047 quod

161 1053 278 1094 male
312 1054 367 1094 ad
400 1053 498 1095 ⁵788.
530 1054 661 1094 refert
694 1052 960 1095 Brunckius.
1018 1053 1135 1101 Jam,
1153 1052 1302 1100 credo,
1325 1052 1477 1101 lector,

160 1111 258 1163 ipse
288 1123 367 1164 per
387 1113 426 1151 te
447 1111 703 1164 suspicaris,
735 1124 804 1151 me
835 1109 976 1163 legere
997 1110 1125 1158 velle,
1148 1106 1175 1147 ὦ
1191 1107 1296 1162 μιάρ’
1328 1108 1477 1162 ἀνδρῶν.

162 1166 220 1208 Et
240 1171 360 1209 recte
392 1168 643 1221 suspicaris.
704 1167 872 1208 Eodem
906 1166 1035 1208 modo
1068 1166 1182 1206 dixit
1214 1166 1479 1206 Theocritus

162 1237 238 1266 xv.
267 1225 337 1266 74.
370 1222 450 1272 φίλ’
481 1225 628 1279 ἀνδρῶν,
669 1225 750 1279 [lv]
792 1222 1089 1265 Callimachus
1123 1222 1241 1276 apud
1278 1221 1399 1263 Suid.
1437 1234 1478 1261 v.

163 1279 338 1331 ἐπαῦλια,
371 1283 501 1336 πςηεῖα
534 1285 734 1334 γυναικῶν.
794 1280 961 1322 Eodem
995 1279 1127 1320 modo
1168 1279 1332 1332 saepius
1364 1277 1480 1318 dixit

164 1338 484 1391 Aristophanes
505 1334 534 1376 ὦ
553 1335 703 1390 δαιμόνι’
726 1337 873 1392 ἀνδρῶν,
900 1338 974 1390 qui
997 1341 1042 1376 et
1069 1333 1096 1374 ὦ
1114 1334 1323 1391 μιαρώτατ’
1345 1331 1480 1388 ἀνθρώ-

162 1411 237 1435 πων
258 1395 375 1436 Ran.
397 1394 524 1435 1520.
556 1394 743 1447 denique
765 1392 793 1433 ὦ
815 1392 967 1446 σχέτλι’
989 1393 1122 1447 ἀνδρῶν
1143 1393 1186 1432 in
1205 1391 1358 1433 eadem
1378 1404 1482 1433 ana-

160 1452 339 1506 paestici
357 1451 462 1492 sede
486 1450 599 1491 Ran.
619 1451 748 1493 1081.

223 1509 371 1549 Unum
411 1509 457 1548 in
491 1509 681 1549 tironum
720 1507 904 1561 gratiam
942 1508 1120 1548 verbum
1162 1505 1323 1547 addere
1359 1506 1479 1548 libet,

164 1566 313 1609 Nemo
348 1565 508 1615 nescit,
540 1565 788 1606 dissolutos
822 1563 959 1616 pedes
991 1564 1074 1604 hoc
1102 1575 1307 1604 versuum
1338 1576 1478 1615 genus

162 1636 329 1672 amare,
365 1628 416 1663 ut
451 1622 640 1672 scilicet,
673 1622 711 1662 si
735 1619 962 1663 commode
983 1619 1078 1661 fieri
1108 1620 1264 1673 possit,
1294 1620 1479 1672 singulae

164 1680 361 1734 dipodiae
381 1679 559 1732 integris
580 1679 728 1720 verbis
750 1678 1049 1719 absolvantur.
1109 1676 1196 1717 Sed
1217 1677 1332 1717 hanc
1353 1690 1481 1729 regu-

162 1738 266 1788 lam,
288 1750 424 1792 quam
442 1737 565 1777 nimii
584 1736 751 1777 laboris
773 1739 893 1776 esset
908 1738 1158 1775 constanter
1179 1746 1372 1783 servare,
1393 1746 1482 1774 non

164 1807 264 1836 raro
284 1795 580 1848 negligebant,
601 1797 648 1834 ut
669 1792 787 1833 Plut.
808 1791 905 1832 519.
928 1792 1026 1832 570.
1046 1790 1146 1831 584.
1207 1791 1313 1831 Hoc
1335 1795 1480 1831 tamen

165 1852 397 1901 cavebant,
428 1864 498 1901 ne,
535 1851 573 1891 si
603 1849 821 1890 secundus
841 1861 922 1901 pes
944 1848 1145 1901 dactylus
1166 1852 1301 1897 esset,
1325 1848 1480 1889 tertius

165 1908 407 1961 spondeuS‚
430 1908 583 1949 ultima
602 1906 767 1960 dactyli
788 1906 960 1959 syllaba
980 1905 1214 1946 iambicam
1230 1917 1385 1945 vocem
1407 1908 1482 1945 aut

165 1965 455 2006 bacchiaeam
475 1964 703 2004 inchoaret
721 1977 731 2014 3
763 1962 880 2016 quod
903 1975 1009 2002 sane
1030 1963 1085 2002 ab
1107 1975 1210 2002 aure
1231 1961 1480 2001 admonitus

165 2022 276 2062 bene
306 2021 484 2062 notavit
514 2020 760 2061 Brunckius
791 2020 847 2060 ad
888 2019 1009 2060 Eccl.
1047 2019 1144 2059 514.
1206 2017 1482 2070 Ξυμβούλοισιν

166 2077 332 2126 ἁπάσαις
358 2077 364 2132 1
391 2079 487 2131 ὑμῖν,
511 2083 557 2118 et
579 2077 756 2128 corrigit
775 2075 928 2122 πίω-αις.
989 2076 1257 2116 Rectissime
1278 2075 1481 2126 vulgatur

169 2135 290 2177 Nub.
311 2137 410 2177 400.
440 2138 564 2174 Ἀλλὰ
597 2134 657 2173 τὸν
688 2135 798 2172 αὑτοῦ
831 2149 876 2186 γε
902 2129 986 2171 mh
1015 2131 1169 2182 βάλλει.
1228 2131 1404 2171 Omittit
1434 2147 1481 2185 γε

169 2192 430 2242 Demetrius,
454 2192 563 2232 unde
586 2191 625 2231 si
641 2191 737 2243 quis
751 2190 986 2242 praeferret,
1006 2190 1132 2229 Ἀλλά
1153 2185 1235 2229 νεών
1253 2188 1314 2228 τὸν
1337 2185 1478 2234 ἑαυτοῦΙ

169 2249 324 2299 βάλλει,
345 2262 517 2291 versum
539 2247 747 2296 efficeret,
770 2246 946 2299 qualem
968 2260 1111 2300 neque
1134 2245 1312 2298 scripsit
1334 2243 1483 2285 Comi-

170 2319 247 2347 cus
268 2307 516 2360 quisquam,
536 2317 679 2358 neque
701 2304 887 2344 scribere
908 2304 1065 2355 potuit.
1099 2303 1183 2355 Eq.
1205 2303 1303 2343 505.
1332 2301 1482 2356 Ἠνάγ-

171 2366 279 2413 καζεν
301 2361 363 2411 ἔπη
390 2364 396 2416 Ι
423 2361 596 2411 λέξοντᾶς
624 2363 661 2415 γ’
691 2357 699 2414 Ι
726 2362 773 2406 εἷς
800 2359 841 2398 τὸ
877 2358 907 2399 θ.
937 2376 977 2399 π.
1038 2360 1096 2400 Et
1116 2359 1226 2399 hunc
1248 2358 1396 2399 locum
1418 2359 1482 2398 vi-

170 2421 279 2472 ginti
298 2420 387 2460 fere
409 2419 566 2459 abhinc
586 2417 712 2459 annis
742 2416 1059 2457 emendandum
1088 2416 1237 2457 monui
1267 2428 1326 2455 ex
1356 2427 1483 2468 argu-

170 2480 319 2517 mento
342 2476 397 2517 ad
419 2475 596 2517 Nubes.
652 2471 890 2527 Ἠνᾶγκαζεν
923 2471 1096 2522 λέξοντας
1123 2470 1185 2516 ἔπη
1213 2472 1299 2526 πρὸς
1324 2471 1365 2510 τὸ
1388 2471 1418 2511 θ.
1439 2489 1480 2511 π.

172 2532 253 2588 Eq.
274 2533 369 2576 784.
403 2531 519 2574 Τοῦτό
548 2548 595 2586 γε
625 2528 783 2585 τοῦργον
813 2529 953 2578 ἀληθῶς
980 2529 984 2584 Ι
1013 2528 1123 2569 ἐστίν.
1187 2528 1368 2569 Veteres
1390 2528 1483 2569 edi-
