1606 2803
300 81 712 115 SUPPhEMENTUM
749 82 815 113 AD
853 81 1235 112 PRAEFATIONEM„
1369 68 1432 112 Xll

102 187 249 229 tiones
267 201 418 229 omnes
438 189 647 229 omittunt
663 185 763 227 ἐστίν
787 190 830 227 et
846 190 945 240 post
962 202 1009 240 γε
1029 184 1194 226 addunt
1216 199 1296 224 σου.
1359 184 1430 225 Ex

102 245 271 286 AEmilii
310 245 437 286 Porti
467 246 660 286 editione
696 257 801 285 casu
835 245 1005 285 excidit
1047 259 1128 283 σου.
1190 242 1431 290 Kusterus,

101 315 245 356 neque
270 302 385 343 Mss.
407 316 547 356 neque
570 302 844 343 editionibus
866 301 1092 355 inspectis,
1117 299 1217 340 ἐστίν
1237 298 1431 346 intrusit,

101 360 224 414 quod
254 366 300 401 et
331 360 583 402 Brunckius
614 359 809 401 retinuit.
871 357 933 400 At
954 359 1061 412 quid
1084 357 1277 406 facilius,
1298 368 1430 409 quam

99 417 361 471 particulam
383 431 499 471 pene
521 417 671 458 sensui
694 416 1009 465 necessariam,
1031 415 1087 456 ad
1108 418 1295 455 metrum
1311 425 1432 454 com-

100 474 312 528 plendum
333 475 555 528 adjicere?
588 474 706 516 Vide
728 487 862 526 supra
883 486 985 527 pag.
1007 473 1121 513 xlix.

218 529 337 572 Τοῦτό
352 548 400 586 γε
418 531 477 572 τοί
496 548 562 572 σου
580 530 737 586 τοῦργον
757 530 898 580 ἀληθῶς
913 531 1076 585 γενναῖον
1098 529 1160 569 καῖ
1183 529 1398 580 φιλοδημον.

98 589 199 642 [lvi]
227 590 317 630 ΜΞ.
339 590 579 631 Ravennas
595 591 706 631 satis
724 594 948 642 corrupte,
967 587 1044 628 sed
1062 588 1123 628 ita
1142 592 1190 628 ut
1204 586 1316 626 hanc
1331 599 1428 627 cor-

98 647 333 688 rectionem
350 647 566 697 stabiliat,
585 645 702 687 Τοῦτό
714 663 761 701 γε
773 645 834 686 τοί
849 646 880 685 τ’
898 646 1039 693 ἀληθῶς
1054 642 1100 684 αὖ
1115 642 1271 699 τοῦργον
1283 659 1326 698 γ.
1339 659 1374 682 κ.
1386 654 1424 695 (ζ)α

158 704 377 754 Licentia,
396 718 496 758 quae
513 705 705 746 maxime
726 705 771 744 in
788 702 1136 757 Aristophanico
1154 701 1427 755 anapaestico

99 762 389 816 conspicitur,
409 766 477 804 est
490 775 560 812 ea,
583 776 672 816 qua
694 762 862 803 vocalis
882 761 1012 812 longa
1034 760 1103 800 vel
1124 758 1427 811 diphthongus

100 823 204 860 ante
238 820 437 860 vocalem
470 820 723 873 corripitur,
758 822 807 860 ut
834 816 998 872 χρυσίου
1035 815 1132 863 ὄντος
1167 816 1288 857 Plut.
1326 814 1426 856 528.

98 874 299 918 Alteram
319 877 558 927 licentiam,
591 890 680 930 qua
699 877 754 917 ob
775 881 944 916 mutam
964 879 1007 917 et
1027 873 1241 929 liquidam
1262 873 1427 926 produ-

99 933 212 975 citur
239 934 425 988 syllaba,
457 934 685 976 rarissime
723 933 969 981 admittunt,
1002 932 1137 986 idque
1169 930 1333 985 partim
1365 942 1425 970 ex
1475 962 1482 969 ,

97 992 377 1042 necessitate,
413 992 575 1046 partim
609 1005 709 1033 cum
741 991 854 1032 alios
889 989 1045 1045 poetas
1077 989 1149 1030 vel
1180 989 1323 1030 citant
1352 987 1425 1028 vel

96 1048 338 1090 imitantur.
413 1049 527 1091 Cum
566 1049 700 1102 igitur
739 1048 928 1102 primam
969 1047 1186 1102 syllabam
1218 1046 1265 1086 in
1301 1047 1424 1101 ὑγςᾶν

94 1105 301 1160 producit
331 1104 657 1160 Aristophanes
693 1105 811 1147 Nub.
851 1105 949 1147 334.
1012 1103 1332 1158 Dithyrarnbos
1371 1102 1427 1142 ri-

94 1162 192 1216 det;
227 1177 328 1205 cum
352 1163 539 1205 Homeri
558 1165 694 1205 verba
708 1166 918 1216 ,usurpat,
933 1162 1177 1203 Homerico
1191 1164 1327 1201 metro
1342 1160 1426 1200 uti-

94 1220 308 1271 tur,Nub.
324 1221 422 1261 400.
441 1220 518 1260 Καὶ
533 1220 681 1262 Σούνιον
692 1220 808 1276 οἴκςον
820 1218 1007 1268 Ἀθηνέων.
1021 1218 1161 1272 Vesp.
1174 1218 1273 1259 650.
1289 1218 1425 1271 Ἀτὰς,

94 1275 126 1318 ὦ
154 1277 272 1335 πάτερ
303 1276 457 1331 ἣμέτερὲ
480 1275 645 1330 Κρονίδη·
676 1278 753 1317 ubi
775 1291 864 1317 non
894 1280 924 1299 “
941 1279 1266 1329 anapaestorum
1287 1274 1424 1315 licen-

95 1334 200 1385 tia?
219 1341 269 1375 ut
284 1338 411 1388 putat
426 1333 690 1381 Brunckius,
702 1331 776 1371 sed
795 1333 917 1383 quod
938 1332 1127 1371 Homeri
1151 1332 1288 1371 verba
1309 1334 1424 1379 sunt,

94 1392 360 1446 producitur
394 1391 552 1430 ultima
580 1387 853 1443 pronominis
884 1387 1075 1440 syllaba.
1136 1386 1255 1427 Male
1286 1387 1424 1428 etiam

97 1462 206 1491 casu
227 1448 367 1489 edidit
398 1445 651 1488 Brunckius
682 1446 791 1485 ἀλλὰ
818 1458 898 1499 pro
933 1445 1047 1498 ἀτὰρ,
1081 1457 1212 1498 quem
1245 1450 1424 1485 secutus

97 1510 166 1548 est
186 1505 477 1547 Invernizius.
511 1503 608 1546 Nec
629 1503 798 1551 dubito,
821 1503 929 1556 quin
944 1502 988 1542 in
1005 1501 1127 1542 Nub-
1147 1501 1247 1543 319.
1278 1501 1423 1555 Vesp..

95 1564 195 1606 676.
224 1562 513 1615 Tragicorum
531 1562 744 1614 aliquem,
767 1558 1027 1613 Euripidem
1047 1559 1221 1613 opinor,
1245 1559 1302 1600 ob
1320 1572 1423 1601 ocu-

94 1621 165 1662 los
184 1620 396 1661 habuerit.
455 1619 527 1660 Ex
543 1619 807 1660 necessitate
824 1629 929 1658 vero
946 1616 1201 1671 hujusmodi
1224 1617 1422 1670 syllabas

95 1678 350 1732 producunt
380 1676 566 1728 Comici,
598 1689 700 1717 cum
727 1674 904 1716 nomina
925 1676 1105 1728 propria
1124 1686 1210 1715 non
1233 1673 1359 1715 aliter
1380 1675 1424 1713 in

95 1748 225 1776 versu
245 1740 363 1775 stare
385 1739 589 1788 possunt.
651 1733 761 1775 Ideo
794 1730 979 1787 Κεβςιόνα
999 1736 1042 1773 et
1063 1728 1317 1788 Κυπρογένεια
1338 1732 1423 1785 pri-

96 1805 194 1834 mas
215 1792 465 1846 producunt
484 1790 570 1833 Av.
592 1792 690 1832 554.
713 1791 898 1845 Lysistr.
920 1791 1020 1831 551..

156 1849 388 1891 Corollarii
418 1849 561 1890 instar
591 1848 680 1889 duo
712 1848 917 1902 exempla
948 1847 1079 1899 hujus
1100 1848 1225 1888 metri
1245 1847 1422 1896 addam,

96 1912 146 1948 ut
167 1907 514 1948 adolescentium
533 1907 704 1960 ingenia
727 1905 783 1946 ad
810 1905 917 1946 talia
948 1904 1352 1954 animadvertenda,
1386 1906 1424 1945 si

98 1966 286 2018 possim,
320 1965 529 2004 excitem.
593 1963 758 2003 Eorum
789 1963 913 2015 prius
945 1962 1010 2002 ita
1040 1965 1186 2002 exstat
1205 1962 1251 2002 in
1276 1962 1424 2017 Hesy-
1485 1983 1487 1985 ·

98 2021 215 2062 chio.
249 2020 489 2076 Παλινδορία.
519 2021 560 2061 τὸ
591 2024 741 2067 σκῦτος.
773 2018 937 2059 Πλάτων
969 2017 1138 2073 Σύρφακι
1161 2018 1224 2058 καὶ
1243 2020 1425 2070 Μωμοθῆ-

99 2092 159 2134 ςᾳ·
192 2078 428 2135 παλινδοςῖαν
449 2076 590 2129 παίσας
607 2080 719 2118 αὐτοῦ
742 2076 955 2126 καταθήσω·
981 2076 1097 2116 unde
1119 2077 1276 2116 titulus
1301 2077 1424 2118 fabu-

97 2136 155 2179 lae
191 2136 453 2185 Platonicae,
495 2135 739 2190 Μωμοθῆρας,
782 2135 827 2175 in
870 2133 1059 2174 Meursii
1102 2133 1424 2175 Bibliothecam

99 2193 294 2235 Atticam
314 2194 593 2246 immigravit.
655 2192 743 2233 Sed
764 2192 847 2232 hoc
868 2204 891 2231 e
915 2190 1060 2231 Marci
1079 2190 1255 2230 Masuri
1274 2191 1427 2232 libera·

99 2251 217 2291 litate
233 2251 451 2304 provenit.
471 2249 587 2301 [lvii]
606 2249 695 2290 Ms.
716 2250 829 2290 enim
844 2248 1064 2296 Venetus,
1077 2253 1188 2288 teste
1203 2248 1424 2297 Schowio,

102 2309 174 2348 cui
188 2307 274 2348 hoc
297 2308 471 2348 nomine
495 2308 732 2360 plurimum
753 2307 976 2353 debemus,
995 2303 1160 2345 Πλάτων
1175 2304 1424 2359 ‹supputo-as,

98 2364 363 2420 μνωμοχθῆραι
385 2363 603 2419 παλινδορία
622 2382 663 2403 π.
687 2382 725 2403 α.
749 2380 785 2403 κ.
809 2360 1034 2416 Παλινδορία
1065 2366 1132 2402 est
1163 2362 1331 2402 corium
1354 2375 1427 2403 SO-

100 2421 184 2463 lito
206 2423 399 2463 crassius
419 2426 464 2462 et
485 2422 652 2472 durius,
686 2421 804 2474 quod
835 2420 997 2460 calceis
1024 2432 1106 2459 usu
1129 2418 1302 2460 detritis
1323 2433 1426 2473 sup-

101 2479 306 2533 pingitur.
339 2480 458 2531 Lege
480 2479 624 2530 igitur,
646 2477 811 2517 Πλίιτων
833 2475 1023 2532 Σύρφακι·

217 2536 271 2578 Σὲ
284 2536 366 2587 μὲν,
383 2534 411 2575 ὦ
427 2535 606 2591 μοχθηρὲ,
627 2533 860 2590 παλινὸορίαν
875 2533 1017 2580 παίσας
1033 2533 1145 2574 αὐτοῦ
1165 2531 1378 2581 καταθήσω.
