1596 2824
507 165 677 197 INDEX
713 168 780 198 GR
795 169 950 202 AECUS.

69 248 178 280 κανών.
203 252 307 283 κανόνι
321 257 455 294 μετρεῖν,
472 263 534 290 etc.
549 262 612 289 600

68 291 163 330 καρίς.
193 292 245 323 De
261 298 435 335 quantitate
450 301 480 331 h.
494 311 523 330 ν.
539 301 624 332 Add.
638 306 715 335 1161

68 334 284 376 κατακλάομαι
301 343 364 371 214

66 377 289 418 κατάρχεσθαι.
335 383 386 414 De
415 387 646 419 constructione
683 391 714 422 h.

110 431 139 451 v.
152 425 217 453 679

65 461 210 506 κάτασχε
227 477 266 497 an
279 468 441 501 barbarum
454 472 492 502 sit
500 475 574 505 830.
601 473 714 514 [Cous.

106 514 173 539 not.
191 510 230 539 ad
247 511 353 544 Orcst.
370 517 465 545 1330.
493 516 535 547 G.
551 517 597 548 H.
616 518 668 559 S.]

65 551 262 584 κατατιθέναι
277 565 315 585 an
331 561 451 588 tantum
468 558 508 589 de
519 561 612 591 rebus
625 561 710 592 dica·

106 599 169 630 tur,
193 606 263 637 quae
280 608 297 627 a
316 600 468 631 nobismet
490 603 566 642 ipsis
591 604 711 644 disjun-

106 643 222 677 guntur
235 646 268 670 et
282 649 463 683 separantur
478 649 552 677 559.
590 648 713 680 κατθεὶς

106 686 137 709 et
153 682 268 725 καθεὶς,
285 686 443 718 καταθέτω
459 694 490 718 et
503 688 621 721 καθέτω
636 701 712 722 con-

106 723 174 754 fusa
190 729 253 756 559

64 764 128 796 κάω
141 767 163 796 ii

64 808 244 849 Κεβριόνης.
291 813 341 844 De
357 818 529 855 quantitate
546 819 577 850 h.
594 830 623 851 v.
638 820 681 850 xli

63 852 110 882 κεί
121 858 153 882 et
169 853 217 884 καὶ
234 857 361 887 confusa
376 862 440 890 782

63 894 196 926 κεκεύθω
216 900 279 929 868

61 937 186 970 κέλλειν
202 943 264 971 728

61 979 158 1020 κέρας.
199 983 452 1025 Compositorum
469 999 541 1020 cum
557 990 645 1031 κέρας
660 1002 708 1022 ra-

104 1033 147 1053 ῑιο
165 1035 195 1054 1v

62 1066 255 1106 κεράσβολος
270 1081 289 1100 v

60 1111 248 1151 κερασφόρος
266 1125 283 1142 ν

60 1155 230 1193 κερεαλκὴς
244 1157 277 1186 iv

60 1197 231 1235 κεροβάτης
246 1211 266 1229 v

60 1239 219 1278 κερόδετος
234 1253 249 1270 ν

58 1282 154 1321 κέρος,
171 1296 232 1319 εος,
248 1286 286 1316 τὸ
300 1286 341 1316 iv.
359 1298 374 1315 ν

59 1329 238 1364 κεροτυπεΐν
258 1340 274 1357 ν

59 1370 227 1408 κερουλκὺς
241 1382 261 1400 v

59 1412 225 1453 κεροφόρος
240 1426 259 1443 v

58 1466 244 1493 κερωτυπειν
256 1469 274 1486 ν

59 1499 214 1539 κεστρεύς.
259 1500 312 1530 De
330 1503 504 1542 quantitate
523 1505 638 1537 ultimae
655 1519 705 1540 ac-

99 1543 230 1573 cusativi
251 1547 314 1575 870

56 1584 160 1615 κεύθω.
184 1585 314 1618 κέκευθα
328 1591 392 1619 868

57 1627 232 1667 κηρόχυτος
245 1631 293 1660 xix

56 1669 231 1709 κηρύσσειν,
244 1673 379 1715 κηρύξαι,
393 1677 519 1718 κηρῦξαι
531 1682 605 1711 528.
621 1683 703 1712 1030

55 1712 211 1746 κίδνασθαι
226 1719 288 1748 904

54 1755 161 1787 κλάειν
176 1758 199 1788 ii

56 1799 176 1831 κλεινὸς
192 1812 208 1831 a
219 1801 312 1834 κλέος
328 1804 357 1834 ἰν

9 1867 11 1869 ,
55 1844 223 1882 Κοιογενὴς
239 1849 302 1877 728

53 1884 144 1923 κόμαι
157 1890 218 1918 825

53 1927 140 1960 κόπις
155 1930 195 1960 de
210 1932 332 1962 rhetore
347 1935 405 1964 131

54 1972 160 2011 κοῦρος
177 1974 230 2004 viii

53 2014 172 2053 κραθεὶς
187 2022 219 2046 et
233 2017 370 2058 κρανθεὶς
386 2021 515 2051 confusa
531 2025 594 2053 219

52 2056 184 2096 κραίνειν
198 2062 273 2091 219.
295 2061 476 2106 κρανθεὶςθῖ
489 2066 608 2106 κραθεὶς
623 2078 698 2098 con-

94 2100 161 2131 fusa
176 2104 239 2133 219

0 2160 10 2166 »
51 2145 257 2182 κρατούμενος
271 2152 304 2176 et
320 2148 482 2187 νικώμενος
490 2152 618 2182 confusa
633 2156 697 2185 332

52 2187 215 2226 κρεανομία
231 2200 248 2217 ν

51 2228 149 2268 κρέας.
196 2231 444 2273 Compositorum
455 2246 523 2266 cum
541 2237 632 2278 κρέας
649 2250 693 2270 ra-

91 2278 134 2302 t10
150 2283 168 2301 v

50 2315 233 2353 κρεοδαισῖα,
248 2319 431 2357 κρεωδαισία
448 2331 467 2349 v

49 2369 237 2396 κρεοκοπειν,
253 2372 440 2399 κρεωκοπειν
455 2375 473 2393 ν

50 2402 236 2440 κρεοπώλης,
251 2406 437 2444 κρεωπώλης
454 2417 470 2434 v

49 2443 250 2484 κρεοστάθμη,
267 2448 470 2488 κρεωστάθμη
486 2461 503 2478 ν

48 2487 215 2526 κρεωνομία
229 2499 249 2518 v

48 2529 291 2573 κρουπεζοφόρος
306 2533 361 2564 xlii

47 2571 191 2610 κρύπτειν
201 2579 232 2606 et
246 2575 420 2609 καλύπτειν
434 2578 563 2609 confusa
576 2582 638 2612 896

46 2613 171 2655 κρύφιος
183 2622 217 2650 et
230 2619 363 2660 κρυφίως
378 2620 508 2653 confusa
522 2625 586 2655 979

1356 162 1411 203 91

766 263 990 302 Κυπρογένεια.
1035 265 1086 297 De
1115 271 1291 309 quantitate
1320 275 1350 303 h.
1381 287 1410 306 v.

790 307 847 335 &xli

762 350 871 389 κυροῦν
894 350 935 380 ‚xii

1068 487 1103 513 A.

754 561 941 603 λαγχάνειν,
952 568 1069 605 λαχεῖν
1084 574 1236 607 Θῐλαβεῖν
1251 578 1407 615 quomodo

799 606 946 638 differant
958 612 1011 640 41.
1036 613 1125 644 ambo
1139 616 1270 648 confusa
1281 622 1334 651 41.
1350 626 1406 651 λα-

799 651 872 688 χεῖν
886 650 980 690 ’γέρας
994 656 1032 684 41

756 692 979 733 λαιμότμητος,
995 697 1184 739 λαιμότομος
1200 705 1265 734 206

756 735 987 775 λαιμοτόμητος
1001 751 1038 769 an
1058 741 1204 774 Graecum
1220 749 1285 778 206

755 777 940 816 λαμβάνειν.
956 785 1070 819 λαβεῖν
1082 792 1113 816 et
1124 789 1240 827 λαχεῖν
1250 792 1405 829 quomode»

799 821 944 853 differant
954 828 973 855 4
984 829 1007 855 1.
1031 829 1123 859 ambo
1137 831 1329 864 confusa41.
1345 841 1402 865 λα·

798 866 866 899 βεΐν
880 865 974 907 ’γέρας
988 871 1025 899 41

753 906 874 945 λέγειν.
910 910 1080 951 Nunquam
1096 914 1231 954 λέγομαι
1247 929 1300 958 pro
1317 919 1402 958 λέγω

798 951 898 982 Attici
913 954 1022 984 dicunt
1038 959 1113 988 203.
1139 960 1263 999 λέξεται
1279 965 1401 1001 Ῑιηεςὶνρ

752 1037 864 1069 λεκτὸς
879 1044 911 1068 et
928 1038 1188 1082 {lemures-juncta
1208 1049 1271 1077 523

752 1080 895 1120 λέκτρον.
911 1082 1016 1121 κοίτης
1030 1085 1175 1127 λέκτρον,
1189 1089 1328 1130 λέκτρων
1338 1094 1401 1122 κοῖ-

794 1135 845 1154 ται
861 1128 924 1155 298

752 1165 891 1198 λέλακας
906 1167 1009 1206 ζῶσαν
1023 1174 1086 1203 672

751 1207 909 1245 λεύσσειν,
922 1212 1047 1244 λεύσειν
1063 1218 1146 1247 1133

750 1251 850 1291 λέχος
865 1254 954 1291 εὐνῆς
970 1259 1033 1287 298

749 1295 912 1335 Λεώφιλος
925 1299 1122 1339 trisyllabwn
1138 1303 1210 1334 xvii.
1241 1303 1400 1344 [Particu-

793 1338 855 1369 lam
873 1339 905 1371 δὲ
920 1341 1117 1373 inserendam
1136 1356 1204 1375 esse
1217 1347 1285 1387 jam
1300 1348 1399 1379 Elms-

795 1381 871 1412 leius
894 1385 1027 1420 monuit,
1056 1387 1212 1428 habetque
1236 1400 1303 1420 eam
1328 1393 1397 1423 cod.

793 1424 897 1455 Havn.
927 1426 967 1456 V.
986 1427 1130 1459 Dindorf.
1151 1431 1185 1461 in
1205 1432 1299 1463 Poist.
1314 1435 1398 1466 Min.

794 1467 851 1498 Gr.
874 1474 896 1498 t.
919 1469 963 1499 iii.
977 1480 1010 1510 p.
1026 1475 1099 1503 118.
1122 1475 1177 1514 qui
1193 1476 1309 1506 nollem
1327 1489 1397 1518 pro-

794 1510 907 1547 basset,
931 1513 1016 1552 quod
1038 1515 1121 1545 idem
1137 1517 1306 1549 Elmsleius
1321 1532 1395 1550 con—

786 1552 874 1593 jecit,
892 1554 1032 1587 ἀκούετε.
1072 1558 1156 1589 Huic
1173 1561 1257 1591 enim
1273 1565 1396 1605 conjec-

790 1601 868 1626 turae
894 1606 1046 1638 repugnat
1065 1606 1153 1631 tenor
1168 1606 1318 1635 orationis
1335 1608 1395 1636 Ar-

790 1639 974 1680 chilocheae,
999 1651 1153 1684 repugnat
1177 1646 1231 1676 illa
1249 1649 1315 1688 ipsa
1334 1650 1395 1681 Co-

791 1682 861 1712 mici
876 1683 1018 1716 imitatio.
1042 1686 1187 1719 ἀκούεται
1204 1689 1324 1721 dictum
1335 1693 1392 1722 im-

789 1726 1004 1764 personaliter,
1030 1731 1186 1769 quomodo
1214 1735 1336 1772 passiva
1360 1747 1393 1765 u-

789 1769 906 1808 surpari
915 1771 989 1800 satis
996 1776 1104 1802 notum
1116 1780 1173 1804 est.
1196 1776 1395 1817 Thucydides

789 1809 810 1839 i.
823 1814 876 1842 93.
888 1813 1024 1853 ὑπῆρκτο
1035 1815 1059 1845 δ’
1071 1816 1175 1847 αὐτοῦ.
1200 1819 1283 1859 quod
1296 1821 1392 1851 Scho—

789 1853 895 1884 liastes
910 1857 989 1886 male
1006 1858 1170 1895 inte1lexit,
1197 1869 1279 1892 recte
1301 1865 1390 1893 vertit

788 1895 960 1938 Interpres.
986 1900 1028 1930 G.
1044 1901 1091 1932 H.
1110 1902 1163 1943 S.]
1258 1930 1268 1933 ,

744 1939 830 1976 λῆμα
861 1946 980 1972 tantum
1005 1943 1043 1974 de
1073 1945 1248 1976 hominibus
1278 1948 1390 1979 dicitur

786 1984 848 2013 655

743 2029 776 2054 λι
791 2030 823 2054 et
837 2039 860 2064 μ
875 2027 1006 2058 confusa
1026 2028 1112 2059 Add.
1130 2033 1224 2063 1161.
1263 2039 1296 2064 λι
1319 2040 1351 2064 et
1374 2047 1390 2065 ν

785 2069 916 2099 confusa
931 2071 1017 2102 Add.
1035 2075 1117 2104 1161

741 2110 823 2141 λίαν.
868 2112 918 2142 De
932 2114 1106 2153 quantitate
1122 2116 1151 2145 h.
1167 2126 1196 2146 V.
1215 2118 1244 2147 xi

740 2152 838 2192 λόγος
854 2160 886 2184 et
899 2155 992 2188 δόλος
1007 2159 1137 2188 confusa
1154 2161 1236 2190 1128

739 2196 873 2236 λουτρὸν
888 2200 950 2229 768

739 2245 780 2270 λυ
795 2247 827 2270 et
841 2253 864 2278 μ
878 2241 1008 2272 confusa
1020 2242 1104 2273 Add.
1118 2247 1201 2276 1161

1042 2375 1084 2402 Μ.

737 2466 760 2492 μ
775 2458 807 2484 et
822 2460 865 2491 λι,
882 2461 922 2486 λυ
938 2456 1067 2487 confusa
1083 2457 1167 2489 Add.
1185 2463 1266 2493 1161

737 2509 761 2534 μ
776 2502 808 2526 et
823 2508 840 2527 ν
852 2498 979 2528 confusa
995 2502 1059 2530 360

737 2539 768 2577 μ’
784 2549 824 2569 an
838 2551 894 2580 pro
909 2553 960 2579 μοι
975 2544 1039 2573 800

734 2580 832 2620 μαζὸς
846 2589 879 2614 et
889 2583 1010 2622 μαστὸς
1025 2586 1154 2619 confusa
1170 2590 1230 2620 141

737 2624 824 2663 μάλα
838 2627 927 2658 xxxix
