1606 2803
580 102 591 107 -.
611 83 887 115 PRAEFA'rro.
1368 73 1420 114 ix

98 185 408 226 Morellianam
430 190 597 239 praesto
619 186 852 227 habebam.
913 185 1137 226 Immerito
1158 184 1290 237 igitur
1311 183 1423 225 Kin-

96 244 215 295 gium
238 243 432 297 culpavi,
455 244 562 284 satis
585 244 753 297 alioqui
777 243 1061 295 culpa-bilem.
1106 241 1266 283 Lector
1285 242 1422 282 bene-

97 301 226 341 volus
257 313 443 341 errorem
479 314 620 341 meum
653 300 919 341 condonabit
957 304 1000 340 et
1050 300 1248 352 corriget.
1310 298 1420 339 Cum

96 370 201 398 vero
224 361 287 399 tot
309 357 422 398 Mss.
445 358 692 399 adhibuerit
714 357 919 409 Kingius,
942 357 1180 398 editionem
1194 356 1305 411 ejus,
1319 357 1424 396 licet

98 418 236 464 caute,
259 416 488 456 consulere
521 416 733 468 oportuit,
762 421 974 455 uteorum
997 415 1211 455 lectiones
1239 412 1422 465 indaga-

97 485 200 512 rem.
263 473 315 513 [n
346 486 432 526 quo
464 486 594 526 opere
630 472 809 525 adjutus
842 486 939 512 sum
972 471 1145 512 duobus
1189 470 1421 511 codicibus

97 530 385 580 conferendis,
409 531 569 582 quibus
590 530 687 582 ipse
723 529 912 583 Kingius
946 541 1052 569 usus
1076 532 1186 569 erat.
1248 528 1421 569 Utrius-

97 600 181 639 que
205 588 382 640 copiam
406 587 561 639 Regiae
580 587 817 627 Societatis
838 587 1106 627 humanitate
1127 589 1286 626 nactus
1308 598 1421 625 sum.

100 643 276 684 Horum
299 645 480 684 alterum
503 645 696 696 Kingius
718 645 933 697 optimum
961 643 1076 696 Reg.
1100 642 1204 683 Soc.
1226 642 1418 682 codicem

97 706 246 743 vocat.
308 701 471 743 Verum
514 703 568 750 is,
601 714 850 754 quanquam
894 714 978 740 non
1020 700 1200 741 omnino
1240 700 1420 749 inutilis,

97 758 225 811 longe
257 759 312 800 ab
345 760 511 813 optimo
542 759 696 808 distat,
727 764 772 799 et
803 758 930 799 valde
962 770 1113 798 recens
1153 761 1234 805 est,
1265 761 1422 809 utpote

100 829 210 857 anno
246 817 420 857 demum
457 817 566 857 1490
598 820 824 857 exaratus
884 815 996 856 Tres
1029 815 1197 868 priores
1230 813 1423 854 continet

97 874 283 916 fabulas.
344 874 466 914 Alter
497 887 674 927 quoqne
707 873 889 914 totidem
922 873 1084 924 liabet3
1114 871 1192 912 sed
1227 870 1352 910 initio
1379 877 1424 911 et

98 930 182 971 fine
214 945 329 972 nunc
367 931 546 972 mutilus
585 938 670 979 est,
704 936 747 971 et
784 936 960 971 centum
993 930 1091 982 plus
1120 929 1263 968 minus
1296 928 1421 968 annis

99 989 234 1041 priori
257 989 478 1042 antiquior
501 988 683 1029 videtur.
745 986 954 1028 Criticam
989 986 1176 1027 subinde
1210 996 1419 1025 exercere

99 1045 241 1086 voluit
261 1047 431 1097 scriba3
464 1046 608 1087 varias
633 1046 748 1085 enim
770 1045 987 1086 lectiones
1009 1056 1126 1083 nunc
1148 1043 1192 1083 in
1215 1042 1420 1093 margine,

98 1115 210 1144 nunc
231 1104 345 1144 inter
367 1116 520 1143 versus
543 1102 750 1155 aspersit,
771 1114 897 1154 quas,
925 1101 1104 1153 quoties
1132 1099 1287 1151 dignas
1303 1098 1422 1151 judi-

99 1161 212 1209 cavi,
242 1174 340 1213 quae
374 1164 833 1206 commemorarentur,
865 1171 966 1198 cum
988 1157 1150 1196 lectore
1180 1155 1421 1195 communi-

80 1217 212 1258 ·cavi.
273 1216 395 1257 Usus
443 1230 537 1256 sum
578 1219 794 1268 praeterea
825 1214 914 1254 Ms.
954 1213 1193 1253 Harleiano
1222 1212 1350 1256 5725,
1381 1216 1423 1253 et

99 1275 201 1328 ipso
224 1274 407 1314 recenti.
468 1272 604 1312 Hunc
637 1272 679 1311 in
715 1272 834 1311 notis
878 1269 924 1310 H
956 1281 1086 1318 voco,
1119 1268 1274 1320 Kingii
1315 1270 1420 1320 opti-

98 1344 207 1371 mum
256 1331 426 1371 scilicet
476 1328 538 1378 K,
578 1328 762 1369 alterum
804 1328 863 1368 R.
924 1326 1091 1367 Verum
1140 1337 1291 1365 omnes
1330 1324 1421 1365 fere

100 1387 292 1429 Codices
329 1400 483 1440 parum
519 1387 574 1426 ab
608 1385 868 1437 antiquitate
905 1381 1278 1424 commendabiles
1303 1389 1422 1430 sunt,

101 1450 159 1494 et,
191 1458 278 1498 quo
318 1443 587 1498 frequentius
620 1442 943 1490 describuntur,
985 1452 1038 1481 eo
1071 1440 1247 1493 gravius
1291 1438 1422 1478 inter-

100 1502 315 1555 polantur.

158 1557 482 1613 Interpretandi
502 1561 544 1598 et
563 1556 816 1598 illustrandi
850 1555 1017 1604 labore,
1039 1553 1280 1596 utilissimo
1301 1566 1423 1602 sane,

101 1616 475 1670 supersedendum
498 1615 620 1664 duxi,
640 1615 800 1668 partim
819 1626 871 1653 ne
892 1612 1068 1653 libellus
1088 1612 1134 1652 in
1153 1611 1311 1653 librum
1343 1623 1421 1651 ex-

103 1678 332 1715 cresceret.
393 1672 508 1726 [xiv]
551 1672 674 1712 Loca
723 1675 892 1712 tantum
938 1682 1041 1722 quae
1079 1667 1227 1709 Latini
1263 1667 1423 1709 imitati

101 1734 215 1780 sunt,
236 1734 369 1783 prout
389 1729 595 1770 memoria
617 1729 851 1781 suggessit,
873 1726 1108 1779 adscripsi.
1168 1726 1293 1767 Raro
1326 1738 1423 1765 sum

102 1789 349 1841 interpretis
371 1799 545 1827 munere
566 1787 758 1836 functus,
780 1785 865 1825 nisi
886 1785 960 1824 ubi
994 1796 1091 1823 curn
1114 1783 1256 1824 critici
1277 1781 1422 1822 officio

105 1845 391 1898 conjunctum
413 1848 543 1884 esset.
605 1843 683 1883 Sin
704 1846 846 1882 autem
869 1841 912 1880 in
934 1840 1027 1881 ulla
1049 1839 1229 1893 rejnsto
1250 1838 1423 1892 parcior

105 1902 227 1941 visus
250 1902 389 1950 fuero,
419 1902 462 1941 in
485 1901 773 1953 sequentibus
808 1898 989 1947 fabulis,
1022 1897 1061 1936 si
1092 1909 1204 1949 quas
1236 1895 1423 1949 posthac

104 1958 299 2008 edidero,
341 1959 425 1998 hoc
465 1958 618 1998 vitium
651 1955 879 1996 emendare
916 1954 1099 1994 annitar.
1172 1952 1275 1993 Hoc
1309 1952 1424 1992 enim

104 2016 349 2056 monendus
371 2020 439 2055 est
459 2014 617 2062 lector,
641 2016 805 2053 ceteras
829 2010 1056 2064 Euripidis
1073 2009 1249 2050 fabulas
1271 2008 1423 2049 ordine

104 2073 279 2124 vulgato
311 2071 509 2123 singulas
540 2083 644 2110 mox
666 2069 932 2122 proditurus,
958 2067 997 2106 si
1016 2065 1150 2106 modo
1172 2066 1256 2106 hoc
1279 2065 1424 2119 speci-

105 2142 204 2169 men
235 2129 491 2182 reipublicae
529 2127 734 2167 literariae
770 2139 856 2165 non
891 2123 1124 2176 displicere
1154 2122 1426 2163 intellexero.

107 2186 154 2225 Si
190 2199 302 2239 epus
341 2186 397 2225 ad
432 2185 562 2224 tinem
600 2183 864 2236 perduxero,
898 2181 1055 2221 addam
1095 2179 1425 2220 observationes

108 2243 323 2295 quasdam
344 2243 386 2281 in
412 2242 531 2281 varia
551 2240 834 2280 Scenicorum
856 2237 1102 2277 Poetarum
1118 2240 1269 2276 metra.

163 2298 216 2340 P.
238 2299 283 2340 S.
317 2297 428 2338 Cum
459 2298 606 2350 plures
637 2301 797 2349 postea
829 2294 942 2336 Mss.
975 2293 1245 2342 contulerim,
1275 2303 1426 2332 eorum

108 2354 251 2396 Index
274 2353 586 2408 Argumentum
610 2357 827 2406 sequetur.
