1566 2789
121 108 233 151 xviii
330 116 741 149 SUPPLEMENTUM
775 117 842 148 AD
875 118 1265 149 PRAEFATmNEM,

252 221 370 264 Hec.
411 221 454 262 1.
513 219 635 291 (Βα)Ι
663 220 780 262 ”Ηκω
811 225 942 278 νεκρῶν
974 222 1162 276 κευθμῶνα
1188 221 1195 278 Ι
1222 221 1286 262 καὶ
1319 219 1455 264 σκότου

585 287 721 326 πυλας.

422 334 523 377 248.
574 333 685 402 (Βό)4
732 340 892 377 Πολλῶν
912 334 1036 392 λόγων
1059 336 1229 392 εὑρήμαθ’
1255 335 1262 393 Ι
1288 333 1383 377 ὥστε
1403 338 1454 389 μὴ

424 448 526 491 266.
574 391 833 520 (θὲἓῗνΟΚεῖνη
864 453 942 506 γὰρ
973 449 1110 492 ὤλεο-έν
1142 467 1190 491 νιν
1217 449 1224 506 Ι
1249 453 1297 498 εἷς
1325 448 1457 506 Τροίαν

427 564 527 605 319.
577 523 888 618 (τ-ΒίἓζὲισΤύμβον
920 565 955 605 δὲ
988 564 1189 617 βουλοίμην
1229 561 1274 604 ἂν
1300 563 1308 619 Ι
1334 564 1458 614 ἀξιού-

246 637 705 750 5ορ1].Ει,53ο.ῗΞῖἶξ’
725 678 849 751 Ι’.Επεὶ
884 679 1006 733 πατὴρ
1042 676 1144 725 οὗτος
1183 678 1245 726 σὸς
1272 677 1279 733 1
1304 677 1341 718 ev
1376 677 1458 733 op»,-

586 751 652 782 νεις
674 751 744 775 αει.

358 791 474 833 Phil.
510 791 637 833 1304.
674 789 778 845 (Bf)
808 789 920 831 Ἀλλ’
954 789 1030 831 οὔτ’
1061 791 1139 844 ἐμοὶ
1174 792 1289 833 καλὸν
1322 790 1400 832 τόδ’
1427 790 1434 847 Ι

587 846 685 888 ἔστιν
706 846 787 888 οὔτε
808 847 881 888 σοι’.

244 904 401 947 AEsch.
422 904 564 946 Theb.
584 905 712 947 1055.
732 903 841 960 (Bg)
871 906 984 945 Ἀλλ’
1006 904 1042 945 ὃν
1061 904 1166 954 πόλις
1185 909 1332 961 στυγεῖ,
1354 905 1401 947 σὺ
1427 905 1434 960 Ι

588 961 754 1015 τιμῆσεις
774 962 883 1017 τάφῳ
899 977 909 1016 ;

245 1017 386 1073 Soph.
410 1018 480 1059 El.
501 1018 629 1060 1038.
659 1017 907 1072 (ΒῘι)”Οταν
927 1023 1004 1075 γάρ
1022 1018 1058 1060 εὖ
1081 1023 1219 1076 φρονῇς,
1234 1020 1305 1061 τόθ’
1330 1018 1339 1076 Ι
1364 1018 1457 1075 ἡγῆ-

587 1092 643 1115 (551
662 1092 710 1116 0'0
729 1094 812 1131 νῳν.

132 1132 211 1174 Est
246 1135 290 1173 et
327 1131 415 1172 alia
450 1133 610 1173 senarii
645 1132 823 1184 divisio,
856 1146 987 1187 quam
1022 1134 1060 1175 si
1095 1147 1180 1175 non
1224 1147 1457 1183 caesuram,

129 1187 541 1242 ‘quasi-caesuram'
561 1189 693 1231 liceat
729 1191 966 1231 nominare.
1026 1191 1095 1231 Ea
1123 1196 1203 1240 est,
1239 1205 1339 1233 cum
1372 1196 1457 1233 ter·

129 1247 219 1286 tius
250 1259 330 1299 pes
360 1246 588 1287 elisionem
625 1247 804 1300 patitur,
835 1248 930 1288 sive
960 1247 1005 1288 in
1040 1248 1192 1289 eadem
1217 1262 1339 1299 Voce,
1360 1248 1456 1289 sive

129 1302 294 1344 additis
315 1302 369 1356 γ’,
390 1304 433 1351 δ’,
452 1304 508 1354 μ’,
530 1304 580 1352 σ’,
599 1304 646 1342 τ’.

245 1359 362 1401 Hec.
409 1361 508 1402 387.
542 1363 712 1414 RSp-rebe
731 1363 781 1414 μὴ
799 1361 950 1411 φείδεσθ’
972 1360 1047 1417 ἐγώ
1068 1360 1189 1402 ''w-§nov
1207 1362 1341 1417 Πάριν.

409 1417 509 1458 355.
540 1420 692 1467 Γυναιέὶ
711 1418 892 1472 παρθένοις
911 1420 944 1459 τ’
965 1419 1199 1469 ἀπόβλεπτος
1216 1421 1330 1472 μέτα.

129 1473 246 1515 Haec
263 1472 579 1526 quasi-caesura
597 1476 715 1526 apud
732 1476 946 1527 Tragicos
965 1476 1084 1516 haud
1103 1482 1169 1517 est
1188 1478 1456 1530 infrequens.

129 1531 282 1582 Longe
303 1529 442 1570 rarior
461 1534 528 1572 est
548 1542 600 1569 ea
620 1530 809 1579 licentia,
831 1545 919 1585 qua
947 1533 1106 1584 integri
1129 1534 1278 1586 pedes,
1302 1535 1457 1576 tertius

127 1591 170 1627 et
191 1589 389 1640 quartus,
410 1586 554 1637 [xxvi]
576 1588 646 1628 vel
667 1588 855 1641 integras
876 1602 1008 1630 voces
1030 1590 1103 1630 vel
1124 1603 1283 1631 vocum
1306 1597 1456 1645 partes

125 1644 306 1686 faciant.

244 1700 382 1753 Soph.
403 1699 479 1754 Aj.
500 1702 628 1744 1091.
660 1700 828 1742 Μενέλαε
846 1703 896 1754 μὴ
917 1701 1071 1756 γνώμας
1092 1702 1304 1752 ὑποστήσας
1325 1704 1456 1758 σοφάς.

243 1757 398 1799 AESCh.
434 1759 561 1801 Pers.
590 1760 691 1800 509.
731 1758 875 1814 Θρῄκην
905 1759 1131 1815 περάσαντες
1166 1759 1279 1815 μόγις
1322 1766 1455 1817 πολλῷ

581 1832 689 1856 πονω.

130 1870 330 1922 Quorum
353 1858 663 1925 exemplorum¹
690 1872 737 1912 in
768 1873 965 1914 secundo
993 1874 1312 1927 pronunciandi
1344 1875 1456 1916 diffi-

128 1929 273 1969 cultas
292 1928 491 1969 laborem
512 1929 567 1969 ab
586 1930 785 1970 exercitu
804 1929 986 1971 Persico
1003 1931 1265 1972 exhaustum
1286 1933 1457 1985 optime

127 1985 347 2037 exprimit.
409 1984 513 2035 Sed,
552 1991 603 2025 ut
641 1986 725 2026 hoc
763 1986 1001 2038 aliquando
1051 1988 1139 2028 sibi
1184 1989 1457 2041 permittunt,

128 2041 236 2084 illud
275 2053 502 2094 nunquam
539 2042 626 2082 sibi
669 2043 941 2095 permittunt,
974 2047 1023 2084 ut
1056 2045 1197 2097 pedes
1229 2045 1381 2086 tertius
1412 2051 1455 2087 et

129 2102 313 2151 quartus
334 2098 488 2139 eadem
510 2111 619 2139 voce
652 2099 1091 2151 comprehendantur.
1154 2101 1258 2142 Hoc
1289 2103 1328 2142 si
1358 2101 1454 2144 fieri

128 2158 300 2208 posset,
324 2154 468 2195 omnis
490 2155 727 2207 rhythmus,
751 2168 904 2196 omnes
926 2158 1091 2197 numeri
1113 2157 1311 2199 funditus
1331 2171 1452 2200 ever-

128 2216 340 2251 terentur.
400 2210 498 2251 Imo
520 2211 707 2261 Comici,
731 2212 919 2264 inquieS‚
942 2213 1027 2253 hoc
1049 2227 1134 2255 non
1154 2227 1252 2255 raro
1276 2215 1452 2258 faciunt.

128 2266 303 2308 Comici
324 2279 432 2308 sane
451 2268 667 2308 interdum
688 2268 870 2318 faciunt,
893 2269 923 2309 ii
945 2272 1092 2311 tamen
1112 2271 1260 2323 paullo
1283 2272 1451 2323 rarius3

125 2324 299 2374 (sexies
319 2328 363 2365 et
389 2323 549 2373 decies,
575 2324 659 2364 nisi
688 2325 829 2374 fallor,
860 2323 1179 2379 Aristophanes
1201 2328 1245 2367 in
1268 2327 1404 2370 Pluto
1419 2328 1454 2383 ;)

127 2384 175 2422 at
194 2380 279 2422 hoc
300 2381 446 2433 ipsum
467 2384 716 2433 argumento
735 2384 816 2430 est,
834 2380 1053 2434 Tragicos
1068 2397 1157 2424 non
1177 2383 1337 2426 facere.
1397 2385 1451 2427 In

126 2436 194 2486 iis,
215 2450 314 2490 quae
344 2437 440 2477 dixi
471 2437 527 2477 ad
560 2437 675 2477 Hec.
702 2437 816 2486 728„
843 2451 930 2478 non
960 2439 1142 2491 quidem
1177 2442 1334 2490 erravi,
1370 2442 1449 2483 sed

125 2494 275 2548 paullo
296 2497 443 2536 tamen
461 2493 605 2537 minus
627 2506 722 2535 sum
754 2498 962 2537 accurate
983 2495 1170 2539 locutus.
1231 2496 1367 2547 Quod
1388 2498 1450 2540 ibi
