1566 2789
122 65 223 111 xxii
329 71 742 105 SUPPLEMENTUM
776 71 843 104 AD
876 71 1266 103 PRAEFATIONEM.

122 179 237 220 hanc
257 178 453 232 regulam
474 178 731 232 plerumque
752 177 796 218 in
816 175 1003 218 senariis
1035 176 1330 218 observabant
1351 175 1462 218 Tra·-

125 236 229 290 gici,
246 240 310 288 ut,
334 237 372 277 si
392 248 519 285 voce,
540 249 639 289 quae
662 234 881 276 Creticum
900 234 1056 287 pedem
1079 234 1287 285 efficeret,
1311 235 1459 275 termi-

123 301 298 335 naretur
339 306 509 342 versus,
550 305 736 345 eamque
781 304 931 332 vocem
981 291 1459 345 hypermonosyllabon

123 351 410 405 praecederet,
448 350 625 403 quintus
661 363 741 403 pes
773 349 950 390 iambus
983 350 1055 389 vel
1080 350 1327 403 tribrachys
1359 362 1459 390 esse

123 408 318 449 deberet.
381 408 488 449 Non
521 410 771 461 potuerunt
777 407 906 460 igitur
927 406 1061 447 talem
1082 419 1260 477 versum
1282 406 1460 459 Tragici

124 466 331 515 scribere,
354 465 501 519 qualis
522 470 590 505 est
611 462 836 535 Κςύπτοντοι
853 465 969 519 χεῖρα
991 479 1055 503 και
1075 463 1266 519 πρόσωπον
1289 480 1461 515 τουμπα·

125 532 197 572 λιν,
214 523 314 564 aut'
313 521 457 570 Ἀτλας
475 520 713 576 ὁχαλκὲοισι
736 520 859 568 νώτοις
879 521 1039 577 οὐρανὸν,
1060 527 1136 562 aut
1160 522 1207 561 Τὸ
1227 522 1277 574 μὴ
1299 520 1461 574 μάταιον

124 580 152 619 δ’
177 582 217 620 ἐκ
239 579 417 632 μετώπων
439 578 646 634 σωφρόνων·
685 584 804 620 certe
825 579 1016 629 noluere,
1053 579 1091 619 si
1124 579 1259 619 modo
1290 579 1362 620 vel
1394 578 1461 620 di-

124 650 253 678 versa
273 637 584 690 orthographia
618 637 692 679 vel
723 637 811 677 alia
842 637 1072 677 verborum
1097 638 1298 689 positura
1318 636 1460 677 vitare

122 699 307 749 possent
342 697 355 716 ς
378 695 431 736 In
454 707 629 735 scenam
662 694 825 735 missos
846 706 946 735 cum
967 707 1129 747 magno
1151 693 1343 747 pondere
1364 706 1463 735 ver-

121 751 228 793 sus-²

181 808 330 861 [xxxi]
374 808 469 850 Res
494 809 647 850 eadem
669 811 749 859 est,
784 808 823 850 si
858 808 1062 850 Creticus
1084 808 1127 848 in
1150 806 1394 848 trochaeum
1417 813 1461 848 et

124 866 344 920 syllabam
365 866 644 916 dissolvitur,
677 867 746 907 vel
769 866 824 917 si,
857 865 1035 907 Cretico
1057 866 1101 906 in
1123 865 1345 918 syllabam
1365 864 1460 905 lon-

123 936 223 975 gam
246 929 292 964 et
313 924 508 964 iambum
530 923 764 972 dissoluto,
802 923 981 987 syllaba
1003 923 1137 975 longa
1159 929 1225 962 est
1248 926 1325 963 aut
1354 922 1459 962 arti·—

125 980 267 1030 culus,
300 985 379 1021 aut
411 981 688 1044 praepositio,
718 984 797 1034 aut
818 980 991 1032 quaevis
1014 980 1205 1032 denique
1230 991 1336 1029 vox,
1361 992 1459 1033 quae

124 1037 181 1078 ad
203 1038 434 1090 sequentia
454 1037 607 1091 potius
631 1049 761 1089 quam
783 1036 1100 1106 praecedentia
1110 1010 1344 1107 pertineat.

240 1094 317 1134 Or
338 1094 466 1135 1079.
499 1094 616 1140 Κῆδος
637 1093 673 1132 δὲ
693 1092 826 1144 τούμὸν
847 1092 910 1131 καὶ
933 1092 996 1132 σὸν
1017 1094 1099 1131 oona
1092 1090 1134 1131 Ι’ϊ
1163 1091 1169 1146 Ι
1196 1091 1277 1132 ἐστὶ
1303 1091 1310 1148 Ι
1337 1092 1391 1142 δὴ.

338 1151 467 1192 1081.
498 1151 622 1204 Χαῖρ’·
655 1150 694 1189 οὐ
710 1166 786 1204 γαρ
808 1151 893 1203 ἡμῖν
915 1151 995 1189 ἐστι
1013 1153 1134 1189 τοῦτο·
1160 1148 1169 1204 Ι
1196 1148 1315 1205 σοίγε
1341 1148 1348 1205 Ι
1373 1149 1458 1202 μήν.

239 1207 355 1249 Hec.
375 1207 477 1249 382.
509 1210 647 1254 Καλῶς
661 1207 728 1259 μὲν
745 1223 862 1257 ειπας,
885 1206 1059 1262 θύγατερ,
1080 1209 1186 1247 ἀλλὰ
1213 1206 1219 1262 Ι
1246 1210 1303 1262 τῷ
1324 1210 1447 1263 καλῷ.

379 1264 480 1305 379.
510 1265 635 1312 Δεινὸς
651 1266 874 1319 χαρακτὴρ,
891 1263 1102 1317 κάπίσημος
1128 1264 1135 1319 Ι
1162 1266 1196 1304 ἒν
1216 1266 1375 1319 βροτοῖς.

123 1323 182 1365 Et
202 1321 267 1363 sic
293 1321 408 1363 habe
438 1321 494 1362 de
519 1321 591 1372 τίς,
624 1325 715 1372 πῶς,
749 1322 1144 1375 interrogantibus3
1176 1321 1235 1370 ὥς,
1257 1324 1311 1372 οὐ,
1333 1321 1396 1362 καὶ
1417 1325 1458 1363 et

124 1380 355 1429 similibus,
377 1383 429 1419 ut
448 1380 612 1432 partim
634 1380 780 1420 monui
804 1379 861 1419 ad
882 1379 1106 1420 Phoeniss.
1128 1380 1257 1420 1464.

179 1437 347 1478 Verum
367 1437 406 1477 si
430 1436 626 1477 secunda
647 1437 788 1490 quinti
806 1437 934 1490 pedis
955 1449 1059 1490 pars
1082 1436 1178 1490 ejus
1195 1437 1250 1477 sit
1267 1437 1455 1490 generis,

122 1497 171 1535 ut
206 1494 475 1547 praecedenti
507 1494 643 1534 verbo
675 1493 913 1544 adhaereat,
942 1497 985 1534 et
1007 1496 1139 1535 ambo
1163 1495 1293 1547 quasi
1323 1507 1483 1535 unam<

120 1564 274 1593 vocem
308 1551 439 1591 simul
470 1549 678 1601 efficiant,
699 1564 787 1592 non
814 1551 910 1605 jam
941 1551 1135 1605 amplius
1155 1564 1335 1592 necesse
1356 1551 1454 1600 erit,

121 1612 167 1649 ut
197 1609 379 1649 verbum
413 1608 671 1662 praecedens
704 1609 828 1650 brevi
860 1608 1032 1662 syllaba
1055 1609 1324 1649 terminetur.
1384 1606 1455 1649 Ac

120 1666 263 1719 primo
296 1678 444 1718 pauca
479 1665 669 1706 citemus
701 1667 927 1719 exempla,
960 1666 1037 1706 ubi
1065 1666 1239 1719 syllaba
1259 1666 1453 1706 iambum

121 1721 377 1776 praecedens
399 1723 455 1763 sit
469 1735 564 1764 vox
583 1721 806 1764 enclitica

237 1779 353 1820 Hec.
375 1780 475 1820 505.
507 1781 587 1821 Σπε
574 1778 742 1831 ςύδωμεν,
760 1780 980 1833 ἐγκονῶμεν·
1013 1782 1104 1833 ἡγου
1125 1796 1187 1830 μοι
1216 1777 1221 1833 Ι
1248 1795 1294 1833 ’γε
1281 1778 1368 1834 'pom

121 1836 334 1890 Sophocl.
364 1836 472 1876 OEd-
502 1836 554 1876 C.
575 1837 675 1877 982.
698 1834 861 1875 Ἐτικτε
880 1837 1018 1891 γίιςμῖ
1041 1836 1194 1886 ἔτικτεν,
1217 1852 1312 1890 ωμοι
1333 1852 1395 1889 μοι
1423 1835 1430 1892 Ι

234 1949 352 1990 Phil.
375 1949 474 1990 788.
507 1895 771 2020 Πρζοῗι-’ἑῗέεται
793 1947 865 1989 τόδ’
888 1947 1016 2003 ἐγγύς·
1051 1947 1146 2000 οἴμοι
1167 1966 1230 2002 μοι
1257 1947 1262 2003 Ι
1290 1948 1426 1998 τάλας.

123 2006 256 2061 Apud
279 2006 482 2060 Hesych.
504 2019 545 2047 V.
566 2007 703 2075 &gaios
735 2008 782 2045 ‘O
802 2005 952 2061 πρόσθεν
986 2004 1135 2046 ἐλθων
1115 2011 1154 2056 ἠν
1176 2004 1302 2062 ἀοαῖἅς
1332 2024 1394 2059 μοι
1422 2009 1430 2062 Ι

120 2120 360 2174 ,fflschylus
378 2079 696 2174 Οὴοθρὴῗῧίὸἓ.
720 2119 843 2175 Κςίνω
864 2120 907 2160 σὲ
928 2123 1034 2176 νικᾷν
1050 2137 1113 2161 και
1128 2122 1312 2176 παραινεῖς
1330 2137 1392 2174 μοι
1420 2121 1427 2177 Ι

234 2232 523 2287 Iph.A.122'2.
543 2185 879 2289 Πξῗὲζιΐςέντᾴδουσζ
891 2233 974 2274 ὥσθ’
993 2236 1163 2290 ὁμαρτεῖν
1177 2250 1239 2287 μοι
1267 2233 1274 2289 Ι
1299 2233 1450 2289 πέτρας.

234 2290 336 2343 Iph.
358 2291 410 2331 T.
431 2292 528 2332 949.
558 2290 849 2342 Ἠλαυνόμεσθα
869 2291 1040 2346 φυγάδες·
1075 2291 1143 2332 &vos
1130 2308 1162 2331 =v
1182 2308 1244 2345 μοι
1271 2291 1278 2345 Ι
1304 2291 1412 2333 πόδα.

234 2348 337 2388 Hel.
351 2348 451 2389 479.
475 2351 559 2395 Πῶς
581 2347 674 2403 φῇςς
695 2348 761 2388 ’τίν’
783 2348 885 2397 εἶπας
900 2349 1033 2400 μῦθον;
1056 2347 1157 2396 αυθις
1170 2365 1232 2401 μοι
1259 2348 1265 2403 Ι
1293 2349 1450 2406 φράσον.

119 2404 254 2459 Apud
276 2403 423 2446 Εᾶόῐῖ.
446 2405 503 2447 iv.
523 2405 594 2447 29.
618 2404 677 2474 ΪΩ
697 2405 853 2460 παρθέν’,
887 2409 916 2446 εἰ
945 2405 1183 2460 σώσαιμίσ·’,
1207 2404 1294 2446 εἴσει
1327 2422 1389 2459 μοι
1417 2405 1426 2463 Ι

608 2461 712 2517 ἇςιν;

233 2517 330 2560 Ion.
351 2518 486 2561 645.
484 2516 528 2558 Α
551 2520 578 2560 8'
596 2519 705 2560 ἐνθάδ’
726 2518 827 2576 εἶχον
847 2519 976 2575 ἀγάθ’,
995 2519 1153 2561 ἄκουσόν
1170 2536 1241 2573 μου
1266 2519 1273 2573 Ι
1296 2519 1428 2575 πάτερ.
