1566 2789
91 82 179 135 1'04

91 199 273 238 ἇπανταχῆ,
288 196 472 236 ἁπανταχοῦ
487 200 550 228 750

92 243 245 274 ἀπειπεῖν.
269 240 320 271 De
334 240 566 271 constructione
581 240 613 270 h.
628 250 659 269 v.
673 242 713 271 91

93 284 301 326 ἀπειρηκέναι.
340 283 390 314 De
415 283 644 314 constmctione
659 283 691 313 h.
705 293 736 313 v.

95 373 319 411 ἀποκοιμῶμαι,
347 374 399 400 aut
429 374 437 387 ¹
450 368 583 399 dormire
605 368 738 404 desino‚'

139 421 194 446 aut
209 420 217 433 ‘
231 423 369 444 seorsum
385 413 505 443 domnio
515 412 522 425 '
538 416 600 444 581

94 458 268 490 Ἀπόλλων.
296 456 397 487 Attici
412 465 474 486 non
489 454 676 487 Ἀπόλλωνα
690 453 736 484 di-

138 507 227 536 cunt,
241 501 295 531 sed
311 498 458 530 Ἀπόλλω
475 501 537 530 584

94 544 214 585 ἀποπρὸ
230 546 314 575 1452

95 585 386 628 ἀποσφραγίζεσθαι
402 588 417 616 1
426 587 487 615 106

95 630 280 671 ἀπότροπος.
304 629 356 659 De
373 628 507 669 quantit.
522 627 552 657 h.
564 637 594 657 v.
611 629 651 658 64

95 675 189 715 ἄραρε
205 675 288 705 1323

95 719 175 758 ἄρτι,
193 715 300 757 ἀρτίως
315 717 379 745 248

95 759 295 799 ἀσαλαμίνιος
309 760 372 788 613

94 804 214 836 ἄσσειν.
228 814 257 833 ν.
274 801 395 832 α’ίσσειν

93 848 185 880 ἄστυ.
217 845 269 876 De
295 843 432 884 genitivo
456 842 486 871 11.
511 852 539 871 ν.
566 843 640 872 393.
664 842 739 871 719.

138 892 214 921 751.
230 888 341 919 ἄστεος
356 885 513 925 spondeus
527 887 588 915 393

96 932 256 973 ἄσχαλᾷν,
274 928 453 969 ἀσχάλλειν
467 930 528 958 775

95 975 223 1016 ἀτρέμα,
240 973 373 1013 ἀτρέμας
388 974 450 1002 252

98 1018 136 1050 αὖ
151 1025 183 1049 et
197 1018 234 1049 ἂν
249 1017 378 1048 confusa
396 1017 479 1045 1619

97 1060 240 1094 αὐαλέος.
264 1059 313 1089 De
329 1062 461 1088 accentu
478 1057 508 1087 h.
522 1067 552 1085 v.
567 1058 642 1087 219.
665 1054 737 1087 αὖα-

140 1104 212 1136 λέος
227 1109 259 1134 et
275 1099 449 1133 αὐσταλέος
465 1099 595 1129 confusa
611 1102 675 1130 219

97 1149 174 1185 αὐδὴ
190 1153 221 1178 et
237 1145 316 1183 ἀϋτὴ
333 1143 459 1175 confusa
478 1145 561 1173 1246

98 1189 284 1224 αὐσταλέος.
329 1188 381 1219 De
406 1190 537 1216 accentu
563 1186 593 1216 h.
616 1196 645 1214 v.
666 1187 740 1216 219,

143 1232 318 1266 αὐσταλέος
336 1237 369 1261 et
385 1228 518 1260 αὐαλέος
534 1228 662 1259 confusa
677 1230 741 1259 219

98 1278 177 1314 ἆῦτὴ
191 1282 222 1307 et
237 1276 314 1312 αὐδὴ
331 1274 460 1305 confusa
478 1274 560 1303 1240

99 1320 246 1360 αὐτόχειρ
263 1321 346 1350 1038

99 1362 254 1404 αὐτοχειρὶ
272 1363 355 1392 1038

402 1493 434 1519 E.

101 1579 218 1616 βαίνειν
233 1577 335 1608 activo
351 1584 443 1605 sensu
457 1576 537 1604 1427

99 1622 233 1659 βάλλειν
260 1618 309 1651 ε’πί
330 1629 412 1649 τινος
435 1617 510 1648 297.
532 1613 741 1653 βληθήσομαι,

141 1663 344 1703 βεβλήσομαι
358 1664 420 1692 265

59 1738 61 1741 .
99 1707 249 1746 βασιλεὺς
264 1706 338 1743 ἄναξ
353 1707 416 1735 342

99 1753 168 1790 βίος
183 1757 216 1782 et
229 1749 335 1787 βίοτος
349 1746 478 1777 confusa
494 1748 553 1777 197

100 1793 313 1833 βλαστήματα
327 1793 391 1821 596

101 1838 274 1879 βλέφαρον.
296 1831 468 1874 Singularis
479 1835 512 1862 et
523 1830 651 1872 pluralis
667 1831 697 1860 h.
712 1840 741 1861 v.

145 1879 268 1913 confus'x
284 1880 365 1909 1261

103 1926 249 1963 βούλημα
263 1926 295 1953 et
309 1919 456 1958 τόλμημα
470 1917 600 1949 confusa
616 1919 700 1948 1062

102 1971 207 2005 βῶλος
221 1970 260 1999 97
267 1968 282 1997 1

405 2095 436 2122 Γ.

103 2181 216 2222 ’γαλήν’
232 2181 290 2222 ὁρῶ
306 2182 370 2212 272

104 2224 214 2265 γάμος.
258 2220 431 2263 Singularis
453 2226 485 2251 et
511 2217 640 2261 pluralis
661 2218 692 2247 h.
716 2227 746 2246 v,

149 2267 272 2299 confusi
288 2269 372 2297 1076

102 2309 239 2350 ’γάπεδον
251 2312 313 2341 324

103 2354 166 2394 ’γὰρ
181 2359 213 2384 et
228 2351 261 2383 δὲ
274 2352 402 2383 confusa
416 2353 491 2383 779.
511 2352 573 2381 815

104 2408 156 2436 γε.
179 2396 311 2427 Librarii
332 2405 414 2435 saepe
435 2393 518 2424 male
532 2391 654 2422 addunt
665 2389 746 2419 hanc

149 2439 345 2480 partjculam‚
362 2447 446 2477 saepe
462 2436 610 2467 omittunt
622 2435 698 2465 406.
713 2430 749 2463 δέ

148 2493 201 2521 γε,
216 2480 346 2520 δὲ-γε,
368 2480 435 2512 vid.
457 2478 502 2511 δέ.
524 2489 564 2518 γε
580 2483 611 2509 et
624 2474 657 2508 δὲ
672 2485 746 2506 con-

149 2526 221 2555 fusa
243 2527 318 2556 787.
338 2535 379 2564 ’γε
401 2527 435 2554 et
454 2535 491 2555 τε
507 2521 637 2554 confusa
651 2520 746 2551 1328.

151 2570 246 2599 1612.
264 2570 346 2599 1664

104 2609 241 2651 ’γενέτωρ
253 2613 316 2641 978

104 2652 263 2695 ’γεννήτωρ
277 2656 340 2685 978

528 101 701 135 INDEX
741 101 988 135 GRAECUS.

783 194 924 235 γήπεδον
938 197 1001 227 324

783 239 876 278 γίγας
890 241 954 270 264

782 281 949 322 ’γίγνεσθαι
979 282 1053 313 301.
1091 280 1108 310 ὁ
1136 278 1237 312 κείνου
1263 279 1428 319 ’γενόμενος

826 327 900 356 503.
936 323 1046 364 [Conf.
1065 323 1219 361 Phoeniss.
1236 326 1266 355 8.
1283 333 1307 352 s,
1323 324 1380 354 τοῦ
1395 322 1428 354 δὲ

825 366 989 404 Λάβδακον
1004 368 1097 406 φῦναι
1111 365 1272 405 λέγουσιν.
1316 366 1426 396 Statim

826 412 966 485 ¹ssffquitur
982 410 1017 442 ἐκ
1036 409 1069 441 δὲ
1088 411 1179 441 τοῦδε
1192 408 1295 441 Λάϊον.
1323 410 1366 441 G.
1383 408 1428 440 H.

782 496 902 535 ’γλυκὺς
917 501 950 526 et
963 494 1036 533 ἡδὺς
1049 496 1179 526 confusa
1191 498 1255 527 228

782 537 876 578 *γόνος
889 545 923 570 et
937 538 1030 578 δόμος
1044 539 1173 569 confusa
1190 541 1261 570 177.
1277 540 1341 571 319

783 581 859 621 ’γόος
874 589 907 613 et
921 582 1018 622 λόγος
1034 582 1162 612 confusa
1178 584 1263 612 1020

783 626 860 664 ’γοῦν
892 629 967 658 771.
992 626 1070 665 ’γοῦν
1095 631 1128 655 et
1149 625 1181 663 γ’
1205 623 1259 656 οὖν
1281 623 1428 654 differunt

1086 801 1124 827 Δ.

785 880 927 914 δάπεδον.
952 882 1004 912 De
1022 882 1197 922 quantitate
1212 882 1243 912 h.
1258 892 1289 913 v.
1306 884 1367 913 324

784 925 873 965 δαρὸς
891 925 1003 956 Atticis
1020 930 1197 965 usurpatum
1214 928 1256 955 26

785 967 829 1000 δέ.
874 968 953 1000 Cum
978 968 1080 998 subito
1103 977 1202 998 sermo
1220 967 1260 998 ad
1275 967 1372 998 alium
1389 968 1427 998 ab

829 1011 889 1041 alio
905 1011 1106 1046 convertitur,
1131 1011 1228 1051 primo
1243 1021 1357 1041 nomen
1373 1022 1428 1052 po—

828 1054 922 1090 nitur,
948 1054 1062 1084 deinde
1090 1064 1273 1094 pronomen,
1300 1059 1367 1084 tum
1396 1053 1429 1085 δὲ

828 1100 904 1128 615.
948 1097 1011 1127 Ubi
1028 1107 1159 1137 persona
1171 1097 1307 1127 secunda
1318 1097 1430 1137 prioris

829 1140 1017 1170 sententiam
1032 1145 1126 1180 auget
1139 1145 1192 1169 aut
1207 1140 1342 1180 corrigit,
1357 1146 1429 1180 post

830 1183 875 1219 δὲ,
906 1183 998 1213 modo
1025 1182 1223 1223 interposito,
1248 1183 1341 1213 modo
1366 1193 1428 1213 non

829 1227 1016 1267 interposito
1052 1227 1113 1256 alio
1147 1225 1253 1261 verbo,
1291 1226 1431 1266 sequitur

830 1269 986 1310 particula
1006 1280 1046 1308 ’γε
1065 1272 1158 1300 1234.
1183 1267 1216 1300 δὲ
1232 1275 1262 1299 et
1277 1268 1339 1308 ’γὰρ
1355 1279 1428 1299 con-

832 1314 901 1343 fusa
927 1315 1002 1344 779.
1026 1315 1099 1343 815.
1124 1311 1156 1343 δὲ
1183 1316 1215 1341 et
1235 1322 1274 1351 ’γε
1300 1312 1430 1343 confusa

830 1359 906 1387 787.
922 1355 955 1386 δὲ
970 1361 1002 1385 et
1016 1355 1053 1392 δὴ
1069 1355 1195 1385 confusa
1209 1358 1283 1386 504.
1300 1354 1332 1385 δὲ
1348 1361 1380 1385 et
1394 1367 1431 1386 τε

833 1399 964 1429 confusa
1001 1401 1075 1430 362.
1104 1401 1179 1430 513.
1208 1400 1303 1430 1158.
1335 1401 1430 1430 1218.

834 1444 929 1473 1226.
944 1444 1137 1473 1311.]-131

791 1485 845 1516 δεῖ.
870 1484 923 1514 De
945 1485 1177 1515 constructione
1194 1484 1224 1514 h.
1241 1494 1269 1514 V.
1285 1487 1361 1515 658.
1385 1484 1433 1514 δεῖ

833 1533 865 1557 et
881 1528 944 1568 χρὴ
959 1527 1087 1557 confusa
1101 1531 1174 1558 557-
1190 1529 1264 1558 658.
1280 1530 1364 1558 1072

788 1569 923 1610 δείκνυμι
937 1581 1005 1601 cum
1023 1570 1185 1610 participio
1200 1572 1265 1601 792

787 1613 889 1645 δειλὸς
904 1619 934 1644 et
946 1612 1041 1644 δεινὸς
1055 1613 1184 1644 confusa
1193 1615 1257 1644 762

786 1656 883 1688 δεινὸς
897 1662 929 1687 et
940 1656 1041 1688 δειλὸς
1052 1656 1181 1687 confusa
1193 1658 1258 1686 762

788 1700 881 1739 δέμας
904 1700 1163 1740 periphrasticum
1187 1701 1261 1730 107.
1284 1696 1377 1736 δέμας
1399 1703 1431 1728 et

828 1742 909 1782 μέλη
924 1743 1055 1773 confusa
1067 1745 1130 1774 222

788 1785 867 1817 δέον.
883 1787 917 1817 ἐν
932 1784 1034 1817 δέοντί
1046 1795 1095 1825 γε·
1113 1785 1146 1815 ἐν
1159 1784 1260 1815 δέοντι
1274 1782 1336 1823 ’γὰρ
1346 1786 1409 1815 206

789 1829 888 1869 δεῦρο,
913 1829 1096 1870 plerumque
1118 1828 1223 1858 locum
1238 1826 1430 1866 significans,

831 1872 986 1903 interdum
998 1872 1037 1902 de
1047 1876 1108 1901 tem
1114 1881 1187 1911 pore
1200 1870 1324 1912 ponitur
1334 1872 1430 1901 1679.

831 1916 911 1954 δεῦρ’
923 1914 982 1950 ἀεὶ,
998 1920 1059 1945 etc.
1073 1917 1159 1945 1679

790 1959 828 1997 δὴ
844 1964 876 1989 et
890 1957 923 1990 δὲ
938 1958 1064 1989 confusa
1080 1960 1156 1988 504.
1186 1956 1224 1994 δὴ
1240 1960 1273 1986 et
1287 1955 1341 1987 νῦν
1355 1964 1430 1985 con-

834 2002 902 2032 fusa
917 2004 1012 2033 1214.
1028 2001 1065 2037 δὴ
1081 2005 1113 2029 et
1128 2012 1177 2030 τοι
1190 1998 1320 2030 confusa
1332 2000 1396 2029 476

791 2044 880 2085 δηρὸς
893 2048 936 2076 26

791 2087 981 2119 διαλύεσθαι.
1027 2085 1080 2116 De
1101 2083 1331 2116 constructione
1354 2083 1386 2113 h.
1398 2093 1433 2113 -v.

790 2173 908 2214 διαπρὸ,
922 2172 971 2204 διὰ
985 2170 1044 2213 πρὸ
1060 2174 1157 2203 1452.
1172 2172 1258 2202 1506

790 2215 942 2256 διατριβή.
965 2215 1016 2245 De
1031 2214 1207 2255 quantitate
1222 2214 1254 2244 h.
1271 2223 1298 2242 v.
1313 2214 1355 2243 62

790 2259 947 2299 διαφέρειν
959 2260 1065 2298 ψῆφον
1076 2260 1118 2289 49

790 2302 903 2333 διδόναι
918 2301 1025 2340 ἀγῶνα
1038 2303 1112 2332 837.
1127 2298 1240 2330 διδόναι
1252 2297 1341 2336 δίκην
1356 2299 1430 2329 837.

832 2345 946 2377 διδόναι
957 2345 1042 2375 δίκας
1053 2346 1128 2375 837.
1141 2341 1253 2374 διδόναι
1263 2340 1350 2378 δίκην
1361 2350 1432 2370 sen-

834 2399 872 2418 su
896 2387 1052 2418 rarissimo
1081 2389 1156 2417 606.
1186 2383 1303 2416 διδόναι
1331 2381 1430 2423 κρίσιν

833 2433 909 2462 837.
924 2429 1037 2463 διδόναι
1051 2428 1152 2468 λόγον
1164 2431 1226 2460 837

790 2473 987 2514 διθύραμβος.
1009 2473 1061 2503 De
1076 2471 1250 2512 quantitate
1265 2471 1297 2502 h.
1311 2479 1342 2499 v.
1358 2472 1378 2500 5

791 2516 871 2554 δίκη.
886 2516 975 2554 δίκην
989 2514 1102 2547 διδόναι
1116 2517 1190 2546 837.
1217 2511 1302 2545 δίκας
1316 2509 1430 2543 διδόναι

834 2563 909 2592 837.
933 2559 1021 2597 δίκην
1034 2557 1149 2590 διδόναι
1165 2566 1258 2588 sensu
1274 2554 1432 2586 rarissimo

833 2605 908 2635 606.
923 2602 1010 2640 δίκην
1025 2599 1197 2641 λαμβάνειν
1211 2610 1237 2631 s.
1254 2597 1341 2640 ἔχειν
1355 2599 1419 2630 606

793 2645 965 2687 διοίχεσθαι
982 2647 1065 2680 1526
