1565 2834
523 74 699 107 INDEX
738 75 979 108 GRAECUS.

77 180 152 213 ποὺς
168 181 431 222 periphrastic-um
449 185 531 215 1215

77 225 209 264 πρᾶγμα
223 233 254 256 et
269 226 377 266 χρῆμα
391 226 522 257 confusa
537 229 601 259 747

77 267 232 309 πράσσειν
247 269 354 307 ἀγῶνα
369 272 444 301 837.
469 269 622 311 πράσσειν
641 270 724 310 ἀγώ-

122 322 217 350 νισμα
231 315 305 343 837.
319 312 474 353 πράσσειν
489 312 564 353 αἷμα
579 318 655 345 400.
669 327 725 346 πε-

120 354 308 395 πραγμένων
327 361 358 386 et
382 356 574 396 δεδραμένων
596 358 727 389 confusa

122 401 137 429 1
144 403 160 429 3
167 401 182 429 1
192 403 204 429 1

76 440 158 480 πρὶν,
175 439 244 481 πρὶν
259 440 298 471 ἂν
314 443 396 474 1351

75 484 257 524 προβαίνειν
271 494 366 515 sensu
382 486 486 517 activo
503 489 587 519 1427

74 527 150 567 πρὸς
173 527 422 558 subaudiendum
445 530 483 559 ad
501 531 676 570 genitivum
692 531 724 562 in

120 571 221 601 verbis
244 571 429 602 obsecrandi
444 575 519 604 663.
541 573 617 613 πρὸς
632 579 666 605 et
681 574 723 605 εἰς

120 614 252 644 confusa
275 616 352 645 437.
378 615 455 655 πρὸς
477 621 510 646 et
525 616 575 648 ἐπὶ
590 617 722 649 confusa

118 660 194 688 601.
209 656 286 697 πρὸς
301 662 334 687 et
347 659 430 698 παρὰ
445 660 577 691 confusa
591 664 656 693 679

74 702 253 741 προσαυδᾷν
269 699 363 741 ὄμμα,
380 700 477 741 ὄνομα
493 706 576 735 1080

73 745 253 784 προσειπεῖν
268 744 368 783 ὄνομα
384 748 469 777 1080

74 788 261 827 προσπεσὼν
288 793 322 818 et
358 789 556 829 προσπιτνὼν
591 789 723 822 confusa

73 874 190 906 πτανὸς
204 880 237 906 et
251 875 386 908 ποτανὸς
402 876 534 907 confusa
548 879 609 908 981

72 916 167 955 πύλη.
201 919 254 949 An
270 920 420 960 singulari
435 929 564 950 numero
579 919 721 960 Euripidi

116 961 269 993 usitatum
300 966 395 994 1080.
434 962 530 995 πύλαι
557 962 720 1004 νερτέρων,

115 1009 176 1035 etc.
190 1008 275 1036 1080

71 1047 151 1088 πυρὰ.
165 1050 315 1088 νερτέρων
331 1053 426 1081 1017.
443 1053 527 1082 1080

72 1091 232 1132 πυργήρης
249 1096 333 1124 1590

72 1134 325 1175 πυργηρούμενος
341 1138 425 1168 1590

71 1179 145 1214 πῶς,
162 1180 329 1210 subaudito
341 1178 417 1211 εἶναι
433 1191 459 1211 s.
475 1179 563 1221 ἔχειν
573 1182 626 1212 73.
643 1182 718 1211 727.

111 1223 180 1253 πῶς
196 1221 255 1261 εἰμὶ
270 1226 312 1254 20

377 1361 409 1388 Ρ.

69 1439 133 1479 ῥεῖν
147 1439 307 1470 transitive
324 1443 387 1472 288

70 1481 162 1557 ῥώςὲγι
178 1482 315 1557 ἑῧθενὴς
338 1487 392 1516 69.
415 1483 467 1516 ἐπὶ
490 1483 591 1525 ῥώμης
607 1483 718 1524 ὀχεῖσ-

375 1657 411 1685 Σ.

70 1735 169 1767 σανίς.
213 1735 384 1777 Singularis
407 1742 440 1768 et
468 1737 598 1778 pluralis
626 1738 657 1769 h.
683 1749 713 1770 v.

111 1778 235 1809 confusi
250 1783 334 1811 1219

69 1821 230 1860 σημαίνειν
245 1829 277 1853 et
290 1823 417 1861 μηνύειν
431 1824 562 1854 confusa
577 1826 639 1855 375

67 1866 156 1906 σῖγα,
172 1865 249 1905 σίγα
269 1870 326 1897 140

68 1909 158 1940 σῖτον
172 1914 206 1939 et
219 1910 293 1940 σῖτα
308 1910 439 1941 confusa
453 1913 517 1942 297

68 1951 176 1991 σοφία.
223 1952 275 1983 De
304 1953 379 1984 sede
406 1954 438 1984 h.
469 1965 498 1984 v.
527 1953 560 1983 iu
588 1954 712 1984 senario

67 2037 211 2078 σπείρων,
228 2038 355 2080 σπείρας
369 2042 432 2071 740

68 2081 255 2114 σπένδεσθαι
274 2086 356 2113 1696

67 2124 191 2163 στέμμα
207 2129 244 2156 12

67 2167 171 2207 στέφη
187 2167 337 2208 νερτέρων
354 2172 436 2200 1017

65 2210 168 2249 στόμα
182 2212 270 2252 (ferri
287 2212 387 2251 acies)
407 2214 489 2242 1279

68 2253 218 2292 στόμωμα
233 2255 321 2295 (ferri
338 2255 437 2296 acies)
456 2258 540 2290 1279

67 2297 117 2328 σύ.
136 2296 185 2333 σὲ,
202 2309 239 2329 σε
256 2300 331 2328 514.
354 2297 403 2327 An
420 2299 609 2338 geminatum
626 2300 710 2340 apud

108 2339 258 2380 Tragicos
275 2346 414 2370 occurrat
431 2343 495 2371 614

67 2385 226 2422 συγγενὴς
241 2389 272 2413 et
288 2384 448 2423 δυστυχὴς
463 2384 592 2414 confusa
606 2387 667 2416 485

68 2427 219 2464 συλλαβὴ
234 2425 347 2457 τέκνου
361 2430 424 2457 545

65 2470 220 2509 συμφορὰ,
238 2469 395 2510 συμφοραὶ
411 2472 472 2500 154

67 2514 197 2553 συνδρᾷν
216 2512 291 2551 αἷμα
307 2516 370 2543 400
561 2544 569 2554 ί

67 2558 161 2588 συνιῶ
187 2566 243 2596 pro
265 2554 390 2594 συνίημι
413 2554 530 2585 Atticis
544 2565 607 2586 non
621 2566 709 2587 usur-

109 2603 215 2638 patum
232 2601 293 2631 141

67 2640 233 2682 σφάττειν.
257 2640 392 2682 σφαγεὶς
408 2652 479 2673 cum
495 2641 631 2682 genitivo
646 2645 710 2676 491

151 2685 265 2726 Eurip.
283 2686 343 2718 Or.

1334 62 1421 108 109

769 184 858 225 σώζω
874 186 975 218 θανεῖν
988 188 1065 219 761.
1079 186 1214 224 σωθῆναι
1225 187 1328 219 κακῶν
1342 188 1421 219 442.

768 233 876 315 σωῖἓιῖ
888 272 1029 312 βλάβης,
1044 274 1148 306 κακῶν
1162 276 1227 306 769

1073 403 1108 430 Τ.

768 492 789 511 τ
804 486 836 512 et
858 494 882 512 π
897 482 1028 513 confusa
1044 484 1107 514 581

766 523 904 599 τοίὲαινα
927 525 1018 557 ἀθλία
1043 524 1222 567 conjuncta.
1247 525 1290 557 V.
1317 526 1359 556 ad

832 571 927 600 θλιος.

765 614 893 650 ταμεῖον
908 613 1021 644 Atticis
1035 622 1100 644 non
1115 617 1296 654 usurpatum
1312 615 1378 644 229

764 657 904 694 ταμιεῖον
918 659 982 687 229

764 711 801 730 τε
832 710 993 740 nunquam
1021 700 1107 741 apud
1134 704 1254 731 veteres
1284 699 1414 731 Graecos

809 743 1065 783 praepositionem
1093 743 1246 784 sequitur,
1283 743 1345 773 nisi
1373 753 1413 773 ea

811 786 975 816 sententiae
998 787 1174 817 membrum
1192 786 1320 816 inchoat
1336 788 1413 817 887.

807 840 845 860 τε
857 833 889 859 et
899 840 938 869 γε
950 829 1081 860 confusa
1096 832 1302 861 1328.1612.
1319 831 1413 860 1664.

808 884 845 903 τε
870 878 903 903 et
927 872 961 904 δὲ
984 873 1115 903 confusa
1131 875 1206 904 362.
1222 874 1296 903 513.
1315 875 1414 904 1158.

809 918 1018 948 1218.1226.
1036 919 1132 948 1311.
1147 918 1244 947 1431.
1268 927 1304 947 τε
1328 921 1360 946 et
1381 927 1414 946 τι

807 959 938 990 confusa
953 963 1017 991 538

762 1001 1022 1042 τεθριπποβάμων
1034 1005 1098 1034 982

763 1045 877 1077 τείνειν
901 1046 1009 1087 φόνον,
1030 1052 1095 1078 etc:
1105 1047 1201 1078 1504.
1227 1044 1341 1078 τείνειν
1355 1043 1411 1075 λό-

805 1093 965 1128 70u1679

761 1132 910 1174 τειχήρης
926 1135 1010 1165 1590

762 1178 882 1216 τεῖχος.
927 1176 1100 1217 Singularis
1124 1181 1156 1208 et
1180 1174 1310 1218 pluralis
1333 1175 1365 1205 h.
1379 1186 1410 1205 v.

806 1219 927 1251 confusi
946 1223 1028 1252 1636

763 1262 886 1294 τέκνον.
923 1262 976 1294 De
987 1263 1163 1304 quantitate
1176 1263 1208 1292 h.
1223 1273 1253 1292 v.
1268 1265 1321 1294 64.
1336 1260 1410 1293 τέκ-

807 1318 873 1348 νον,
888 1306 981 1338 τέκος
997 1313 1028 1338 et
1042 1305 1154 1338 τοκεὺς
1169 1305 1300 1336 confusa
1313 1308 1377 1337 805

763 1347 867 1388 τέκος,
882 1349 995 1381 τέκνον
1008 1355 1041 1380 et
1054 1348 1162 1381 τοκεὺς
1177 1349 1309 1380 confusa
1324 1351 1388 1379 805

761 1392 933 1431 τετληότες
947 1392 1129 1433 πλαζόμεθα
1143 1395 1227 1424 1165

760 1438 803 1477 τῇ
816 1435 928 1474 μὲν-,
943 1439 986 1478 τῇ
998 1436 1076 1468 δὲ-
1091 1439 1154 1467 350
1266 1443 1269 1445 ’

760 1479 865 1518 τίθημι
876 1491 944 1510 cum
957 1480 1112 1510 infinitivo
1129 1480 1227 1510 1662.
1241 1477 1411 1517 τεθήσομαι

806 1526 902 1554 1662.
931 1521 1048 1554 τιθέναι
1072 1521 1212 1563 κραυγὴν
1239 1524 1334 1553 1524.
1363 1520 1409 1551 τί-

805 1568 911 1598 θεσθαι
924 1565 995 1597 νόον
1008 1569 1072 1598 248

760 1611 835 1640 τιθῶ
858 1620 912 1650 pro
936 1608 1041 1650 τίθημι
1056 1608 1172 1639 Atticis
1192 1618 1257 1638 non
1276 1617 1408 1648 usurpa-

803 1657 871 1682 tum
894 1655 967 1684 141.
993 1652 1104 1693 [Conf.
1133 1651 1303 1681 Wellauer.
1328 1660 1407 1691 prae-

801 1695 858 1726 sat.
886 1696 924 1726 ad
949 1697 1176 1727 Commentatt.
1191 1693 1335 1735 AEschyl.
1362 1693 1408 1723 G.

758 1779 887 1812 τίκτειν.
904 1739 1042 1814 Ξεκοῦσα
1066 1793 1105 1813 an
1121 1780 1262 1812 absolute
1278 1790 1332 1822 pro
1348 1779 1405 1819 μή-

800 1837 858 1865 τηρ
874 1835 1008 1865 ponatur
1021 1829 1083 1857 285

757 1870 911 1908 τιμωρεῖν.
966 1868 1017 1899 De
1049 1868 1281 1900 constructione
1310 1867 1342 1898 h.
1371 1877 1404 1898 v.

801 1914 865 1942 42⁷

756 1965 789 1985 τι
800 1960 831 1984 et
841 1967 877 1985 τε
890 1955 1020 1986 confusa
1031 1958 1106 1987 538.
1120 1967 1152 1986 τι
1164 1959 1196 1985 et
1206 1966 1259 1993 froc
1274 1953 1406 1985 confusa

800 2000 875 2029 223.
890 2001 965 2030 391.
981 2001 1045 2030 476

759 2052 808 2072 τοι
832 2042 995 2072 confusum
1017 2052 1088 2072 cum
1111 2041 1241 2072 articulo
1257 2043 1331 2072 674.
1356 2054 1405 2073 τοι

803 2089 835 2114 et
849 2085 886 2122 δὴ
903 2085 1034 2114 confusa
1047 2087 1122 2116 476.
1150 2096 1199 2115 τοι
1214 2090 1246 2114 et
1261 2096 1314 2115 νυν
1330 2095 1405 2115 con-

801 2127 872 2157 fusa
887 2131 961 2159 245.
985 2139 1034 2159 τοι
1049 2132 1080 2158 et
1104 2139 1137 2158 τι
1166 2128 1298 2158 confusa
1327 2131 1408 2161 223.

801 2173 875 2200 391.
889 2173 955 2202 476

757 2212 883 2244 τοιόσδε
898 2218 931 2243 et
944 2213 1087 2245 τοιοῦτος
1101 2214 1233 2245 confusa
1247 2219 1309 2247 885

756 2257 898 2287 τοιοῦτος
913 2262 944 2286 et
959 2255 1086 2297 τοιόσδε
1099 2257 1228 2288 confusa
1242 2261 1303 2289 885

754 2300 875 2339 τοῖχος.
892 2299 934 2331 εἷς
947 2299 1004 2329 τὸν
1019 2300 1138 2340 εὐτυχῆ
1150 2302 1262 2340 τοῖχον
1276 2303 1391 2342 χωρεῖν

797 2348 858 2372 etc.
874 2346 935 2374 885

756 2385 879 2421 τοκεὺς,
894 2384 987 2417 τέκος
999 2391 1031 2416 et
1044 2385 1155 2417 τέκνον
1169 2387 1299 2418 confusa
1314 2392 1377 2420 805

757 2427 905 2467 τόλμημα
920 2434 951 2458 et
964 2429 1113 2468 βούλημα
1127 2431 1257 2461 confusa
1273 2434 1358 2463 1062

753 2471 965 2511 τραὙόκτονος
979 2475 1040 2503 823

752 2514 881 2554 τρέχειν
895 2514 1002 2553 ἀγῶνα
1016 2518 1079 2546 837

753 2556 870 2597 τρίβος.
916 2558 966 2588 De
982 2569 1094 2598 genere
1108 2559 1140 2590 h.
1156 2571 1186 2591 v.
1202 2563 1287 2592 1248

754 2601 930 2640 τρίγλυψος
945 2602 1030 2633 1366

754 2644 871 2685 τρίτος.
885 2645 920 2676 ἐκ
934 2643 1053 2684 τρίτου,
1069 2646 1105 2678 ἐκ
1119 2645 1232 2687 τρίτων
1247 2649 1332 2679 1176

1236 2689 1268 2720 lx
