1565 2834
645 71 1016 114 ὙΠΟΘΕΣΙΣ.
1452 90 1474 123 3

175 190 250 229 ιγοδς
275 190 370 222 αὐτὸν
393 192 668 233 κατακοιμηθῆναι,
695 196 877 232 μελλούσης
900 196 957 232 τῆς
981 195 1055 228 νεὼς
1083 196 1263 231 διαλύεσθαι
1280 199 1339 231 ὑπὸ
1357 201 1413 232 τοῦ

177 255 301 296 χρόνον·
320 255 528 294 ἐπιπεσούσης
543 258 621 297 γοῦν
635 260 694 296 τῆς
709 258 847 299 πρύμνης
861 261 906 300 τῷ
920 259 1045 298 Ἰάσονι,
1062 265 1253 302 τελευτῆσαι
1270 265 1377 297 αὐτόν.

219 320 276 361 [Τὸ
288 322 389 363 δρᾶμα
399 324 486 354 δοκεῖ
495 322 720 360 ὑποβαλέσθαι,
732 325 978 366 γενναιοφρόνως
988 327 1206 366 διασκευάσας,
1219 330 1259 362 ὡς
1268 330 1415 372 Δικαίαρ-

174 385 233 425 χός
244 399 279 418 τε
294 388 362 428 περὶ
375 389 433 419 τοῦ
443 388 598 422 Ἑλλάδος
613 389 684 426 βίου
698 390 749 422 καὶ
764 391 989 433 Ἀριστοτέλης
1006 394 1039 424 ἐν
1055 393 1262 435 ὑπομνήμασι·
1274 395 1414 436 μέμφον-

174 462 224 482 ται
240 451 272 483 δὲ
289 452 373 493 αὐτῷ
387 453 425 485 τὸ
439 454 482 493 μὴ
498 455 711 495 πεφυλακέναι
725 456 784 494 τὴν
801 456 963 497 ὑπόκρισιν
976 459 1018 500 τῇ
1036 459 1166 502 Μηδείᾳ,
1192 460 1279 494 ἀλλὰ
1302 464 1412 495 πεσεῖν
1448 468 1466 495 5

170 515 216 547 ε’ἶς
231 516 355 558 δάκρυα,
373 518 426 551 ὅτε
442 521 655 556 ἐπεβούλευσε
669 524 714 561 τῷ
728 522 844 554 Ἰάσονι
860 523 911 555 καὶ
926 525 968 566 τῇ
981 524 1114 563 γυναικί.
1139 526 1309 559 ἐπαινεῖται
1332 528 1365 560 δὲ
1388 530 1408 567 ἡ

172 582 306 621 εἰσβολὴ
323 584 371 616 διὰ
385 584 423 615 τὸ
438 588 617 624 παθητικῶς
633 587 715 627 ἄγαν
729 587 818 628 ἔχειν
840 589 892 620 καὶ
915 589 934 627 ἡ
959 590 1166 630 ἐπεξεργασία.
1189 591 1235 633 (v.
1251 593 1314 635 3.),
1337 594 1408 632 μήδ’

172 648 205 678 ἐν
217 648 354 685 νάπαισι,
370 649 420 681 καὶ
435 650 476 682 τὰ
492 652 572 691 ἑξῆς·
586 652 660 693 ὅπερ
676 653 836 692 ἀγνοήσας
851 655 1026 695 Τιμαχίδας
1041 657 1086 696 τῷ
1103 656 1220 698 ὑστέρῳ
1236 657 1313 698 φησὶ
1329 660 1410 699 πρώ-

172 725 216 752 τῳ
233 716 414 754 κεχρῆσθαι,
432 716 471 748 ὡς
487 717 538 748 καὶ
552 716 720 759 ὁ”ομηρος
733 719 880 760 (Ὀδυσσ.
897 733 923 757 ε,
940 721 1046 764 265.)·
1061 721 1174 761 εἵματά
1187 723 1215 753 τ’
1232 723 1414 765 ἀμφιέσασα

180 779 296 811 θυώδεα
306 780 356 811 καὶ
372 781 547 825 λούσασα]
1434 794 1473 822 10

210 844 457 886 Ἀριστοφάνους
472 849 705 889 Γραμματικοῦ.
722 850 843 887 Μήδεια
857 851 906 882 διὰ
921 851 981 890 τὴν
996 852 1071 893 πρὸς
1085 852 1212 886 Ἰάσονα
1227 854 1353 895 ἔχθραν,
1369 857 1414 895 τῷ

165 909 287 953 Γἐκεῖνον
310 912 526 950 ’γεγαμηκέναι
550 914 609 951 τὴν
634 914 786 955 Κρέοντος
809 917 964 958 θυγατέρα
988 917 1143 957 Γλαύκην,
1167 918 1332 952 ἀπέκτεινε
1347 920 1405 958 μὲν

169 974 322 1012 Γλαύκην,
341 977 490 1016 Κρέοντα,
508 978 559 1010 καὶ
575 980 647 1011 τοὺς
671 980 763 1013 ἰδίους
788 981 881 1018 υἱοὺς,
910 981 1065 1024 ἐχωρίσθη
1088 984 1114 1014 δ’
1139 983 1292 1028 Ἰάσονος,
1313 987 1406 1025 Αἰγεῖ

170 1039 395 1078 συνοικήσασα.
408 1044 478 1084 παρ’
495 1044 643 1086 οὐδετέρῳ
657 1048 756 1078 κεῖται
771 1046 790 1085 ἡ
804 1047 978 1086 μυθοποιΐα.

212 1104 248 1134 Ἦ
264 1104 323 1143 μὲν
336 1108 437 1146 σκηνὴ
451 1110 507 1140 τοῦ
522 1110 677 1151 δράματος
693 1112 851 1144 ὑπόκειται
868 1114 902 1145 ἐν
919 1114 1066 1154 Κορίνθῳ·
1085 1115 1101 1146 ὁ
1113 1114 1147 1147 δὲ
1170 1115 1265 1157 χορὸς
1287 1117 1399 1149 συνέσ·
1418 1122 1455 1150 15

167 1179 266 1206 τηκεν
281 1171 316 1202 ἐκ
331 1175 484 1211 γυναικῶν
497 1175 676 1208 πολιτίδων·
691 1177 850 1218 προλογίζ
848 1191 874 1210 ει
890 1178 923 1210 δὲ
936 1178 1053 1220 τροφὸς
1064 1179 1211 1217 Μηδείας.
1232 1181 1401 1221 Ἐδιδάχθη

167 1232 217 1264 ἐπὶ
227 1237 405 1278 Πυθοδώρου
413 1238 566 1280 ἄρχοντος
575 1243 655 1275 κατὰ
662 1243 721 1281 τὴν
733 1243 951 1284 ὀγδοηκοστὴν
962 1244 1311 1285 ἑβδόμηνὈλυμπιι-ίδα.
1323 1249 1404 1287 πρῶ-

162 1310 218 1331 τος
232 1301 399 1342 Εὐφορίων,
417 1305 557 1346 δεύτερος
573 1310 749 1348 Σοφοκλῆς,
767 1309 873 1350 τρίτος
886 1309 1058 1351 Εὐριπίδης.
1083 1310 1213 1349 Μήδεια,
1237 1312 1392 1349 Φιλοκτή-

165 1375 234 1402 της,
248 1366 374 1409 Δίκτυς,
389 1371 536 1410 Θερισταὶ
551 1372 694 1414 Σάτυροι·
710 1375 745 1407 οὐ
762 1374 906 1416 σώζεται.

165 1466 197 1495 2.
222 1465 328 1497 αὐτὸν.
372 1466 422 1499 Sic
439 1468 478 1501 L.
494 1478 627 1503 accentu
637 1484 702 1505 non
716 1475 765 1505 in·
856 1479 906 1507 11.
923 1476 1052 1509 ’Ἄλλως
1079 1476 1190 1508 inserit
1212 1482 1285 1508 ante
1315 1477 1453 1518 Ἀριστο-

122 1505 250 1548 clinato,
264 1514 297 1539 et
312 1509 387 1540 alibi
402 1522 498 1553 saepe,
525 1515 579 1545 ubi
604 1527 661 1547 nos
689 1519 766 1548 scri·
811 1517 927 1560 φάνους
943 1521 982 1551 L.

121 1550 264 1581 heremus
288 1552 392 1584 αὐτόν.
437 1556 539 1597 Hujus
559 1560 657 1590 moris
681 1561 767 1591 aliud
857 1566 908 1594 12.
933 1563 973 1594 V.
988 1574 1062 1602 γεγ.
1079 1561 1222 1601 Γλαύκην
1235 1564 1296 1602 τὴν
1310 1568 1365 1603 Κρ.
1386 1567 1456 1603 θυγ.

119 1593 293 1632 specimen,
310 1596 343 1625 in
359 1608 387 1627 v-
401 1598 498 1631 468*.
515 1606 548 1630 et
566 1604 658 1634 1321.
671 1604 765 1635 παντὶ
810 1605 912 1636 Beck.

121 1636 150 1665 τ’
166 1635 329 1676 ἀνθρώπων
344 1640 381 1670 L.
851 1652 904 1680 13.
925 1648 982 1687 μὲν
994 1648 1133 1690 Κρέοντα
1147 1648 1198 1680 καὶ
1218 1649 1279 1688 τὴν
1301 1650 1456 1691 θυγατέρα

166 1682 196 1710 3.
229 1680 305 1711 Haec
334 1684 457 1716 uncinis
484 1686 609 1719 inclusa
647 1690 764 1730 primus
807 1690 858 1722 καὶ
873 1691 944 1723 τοὺς
960 1691 1053 1724 ἰδίους
1067 1693 1105 1723 L.

119 1722 262 1754 exhibuit
286 1725 425 1757 Brunck.
468 1728 505 1758 In
531 1740 598 1762 voc.
623 1743 763 1771 γενναιο-
852 1738 902 1766 14.
927 1735 966 1765 V.
982 1735 1222 1772 συνοικήσουσα.
1244 1737 1346 1768 Beck.
1375 1737 1452 1778 [Fu-

120 1764 240 1804 φρόνως
257 1767 350 1799 latere
364 1776 441 1810 puto
453 1782 460 1800 :
478 1773 493 1802 ὁ
505 1775 670 1808 Σικυώνιος
684 1776 762 1808 Νεό-
806 1782 911 1808 turum
924 1779 1066 1809 restitue.
1092 1780 1134 1810 G.
1153 1780 1199 1810 H.
1211 1780 1263 1821 S.]

120 1813 215 1847 φρων.
238 1810 337 1841 Beck.
850 1824 902 1852 16.
924 1828 1017 1861 προλ.
1032 1821 1064 1852 δὲ
1079 1834 1126 1862 τρ.
1142 1824 1224 1859 Μηδ.
1256 1822 1334 1854 Haec
1347 1835 1378 1856 v.
1396 1826 1453 1855 de-

162 1856 193 1882 5.
218 1851 251 1883 F.
266 1854 326 1891 τὴν
340 1854 488 1892 Μήδειαν.
507 1858 607 1891 Beck.
807 1869 890 1894 sunt.
936 1865 1013 1895 Mox
1031 1865 1270 1907 ν.Πυθιοδώρου.
1288 1867 1388 1898 Beck.
1410 1868 1450 1898 In

167 1893 215 1934 [8.
239 1895 277 1926 V.
305 1903 370 1929 not.
393 1899 432 1928 ad
453 1902 600 1942 Sophocl.
627 1904 699 1936 OEd.
718 1904 760 1937 R.
804 1907 878 1937 edd.
900 1906 977 1937 Ald.
1002 1913 1035 1938 et
1064 1909 1160 1939 Lusc.
1190 1915 1264 1950 post
1289 1909 1452 1942 Dramatis

118 1939 195 1968 827.
233 1937 315 1970 Vere
333 1943 378 1980 τῷ
391 1942 508 1983 ὑστέρῳ
524 1946 631 1988 πρώτῳ
645 1948 760 1988 κέχρη-
805 1949 961 1980 Personas
977 1957 1161 1991 sequuntur,
1184 1951 1364 1992 προλογίζει
1380 1953 1449 1996 (δὲ)

115 1991 182 2016 ται,
204 1991 262 2028 nec
291 1983 400 2015 debuit
425 1986 622 2020 Timachidas
652 2002 760 2032 repre·
804 1991 824 2030 ἡ
839 1995 962 2032 τροφός.
979 1992 1012 2024 δὲ
1028 1995 1146 2024 omittit
1161 1995 1198 2025 L.

119 2021 225 2053 hendl.
270 2024 372 2057 Ennio
401 2032 534 2061 vertenti
566 2033 684 2072 placuit
713 2045 760 2064 or·
849 2039 899 2066 16.
923 2036 974 2066 Ab
989 2036 1154 2076 Ἐδιδᾶχθη
1171 2038 1210 2068 ad
1227 2038 1322 2069 finem
1334 2040 1446 2071 om.L.

119 2065 223 2096 dinem
240 2078 339 2099 rerum
352 2073 525 2104 naturalem
542 2077 641 2116 aequi,
658 2078 761 2109 minus
850 2081 901 2109 IS.
928 2079 1092 2111 Indjcatur
1120 2082 1297 2122 tetralogia.
1341 2083 1446 2115 Locus

118 2112 294 2147 ποιητικῶς.
327 2113 369 2144 G.
388 2115 432 2146 H.
449 2116 501 2158 S.]
806 2131 869 2152 non
883 2122 1006 2164 integer
1020 2130 1195 2166 excerptus.
1217 2124 1316 2157 Beck.
