1565 2834
454 77 957 137 ΦΟΙΝΙΣΣΑΙ.
1315 79 1386 132 73

122 219 284 272 παίδων
313 220 488 289 ὁμοίαις
518 224 770 292 ξυμφοραῖς
793 217 1020 271 ὀλωλότων
1044 245 1056 278 3

48 299 132 347 Xo.
174 318 267 346 ωστ
307 294 633 367 ἐκδακοῦσαῖ
615 297 673 360 γ’,
702 298 737 346 εἰ
759 294 969 366 φξονοῦντ
1001 292 1267 363 ἐτυγχοινεν.

48 374 134 441 Κξ.
175 368 294 438 οἶόιοι
324 373 558 438 Ξυμφοξοῖς
586 370 1040 440 βοεξυποτμωτίιτοις·

119 443 239 512 οἶμοι
267 447 414 495 κακῶν
444 444 661 503 δύστηνος
691 451 721 494 ὠ
751 445 905 501 τάλας
936 443 1037 507 ἐγω.

1270 455 1380 492 1365

47 522 148 583 AJ-
193 521 228 569 Εἰ,
255 542 334 569 καί
366 543 426 569 ‘foe
454 541 556 589 Τξθς
585 541 776 570 ‘rov‘foco'l
807 542 841 582 7
882 517 1033 576 εἰδείης
1062 518 1210 568 κακά.

48 597 134 664 Κξ.
175 593 254 643 καὶ
283 595 368 650 πῶς
398 592 550 657 ’γένοιτ’
582 590 634 643 ὀὲν
663 591 788 643 τῶνδε
818 591 1201 662 δυσποτμώτεξοις

47 671 147 733 AJ-
191 666 349 725 τέθνηκ’
381 666 560 731 ἀδελφὴ
589 666 642 724 σὴ
668 665 779 717 δυοῖν
806 665 978 717 παίδοιν
1004 664 1146 735 μέτοο.

193 745 280 792 Χο.
322 742 523 806 ἀνάγετ’,
550 743 747 805 ἀνάγετε
775 764 979 801 κωκυτον,

120 816 186 867 ἐπι
216 817 370 887 71ξοῖτοὶ
401 839 447 866 τε
478 817 779 884 λευκοπῆχεις
807 814 999 873 κτύπους
1026 819 1190 886 χεξοῖν.

1270 826 1381 867 1370

49 895 135 962 Κξ.
177 898 207 940 ὠ
238 893 419 958 τλῆμον,
448 895 532 941 οἱον
560 888 730 960 τέξμον
737 932 746 948 ,
771 887 1000 949 Ιοκοιστη,
1020 889 1140 951 βίον,

121 967 282 1034 γάμων
310 988 356 1015 τε
386 967 462 1015 τῶν
491 966 581 1024 mh,
612 961 819 1029 Σφιγγος
848 960 1086 1032 αἱνιγμους
1115 960 1264 1021 ἔτλης.

91 1099 187 1128 1363.
210 1096 389 1136 ἐτύγχανον
409 1096 485 1126 Ald.
510 1101 543 1126 et
569 1106 690 1132 omnes,

46 1140 108 1170 nisi
131 1140 233 1175 fallor,
257 1141 425 1170 editiones.
472 1140 534 1170 Sed
550 1139 689 1178 ἐτύγχα-

48 1194 100 1215 νεν
123 1183 216 1215 Cant.
242 1183 285 1213 Κ.
315 1183 364 1213 M.
411 1182 493 1213 Vide
519 1183 558 1213 ad
584 1182 691 1213 Orest.

93 1271 189 1301 1365.
212 1269 307 1300 Hunc
319 1280 444 1300 versum
454 1280 472 1299 a
485 1268 568 1298 Mss.
580 1269 691 1299 abesse

46 1317 136 1343 notat
149 1313 306 1353 Scaliger3
322 1318 355 1343 et.
370 1317 494 1353 poterat
509 1322 583 1342 sane
601 1312 691 1341 abes-

47 1365 81 1386 se
97 1356 166 1386 sine
183 1356 309 1386 damno.

96 1402 190 1430 1366.
212 1399 371 1431 τούτοισιν
395 1398 471 1428 Ald.
496 1397 636 1429 τούτοισί
660 1398 692 1437 γ’

50 1441 176 1472 codices
192 1443 368 1495 plerique,
408 1448 505 1477 recte,
548 1448 583 1471 ut
611 1441 693 1471 infra

51 1488 145 1516 1578.
173 1484 201 1516 εἷ
223 1486 265 1517 τὰ
288 1485 441 1526 τεθριππά
459 1485 489 1523 γ’
518 1486 549 1515 ἐς
572 1483 693 1525 ἅρματα

51 1527 206 1560 λεύσσων·
219 1529 274 1559 ubi
289 1527 442 1569 τέθριππά
459 1529 484 1559 δ’
509 1529 540 1559 ἐς
564 1528 643 1568 (sic)
661 1528 694 1558 J.

48 1570 202 1612 τέθριππά
216 1584 236 1602 τ
261 1573 292 1604 ἐς
308 1572 400 1602 ΒοάΙ.
416 1582 509 1601 unus.
545 1570 695 1611 τεθριππά

50 1614 82 1653 ’γ’
95 1614 139 1646 εἷς
156 1614 194 1645 C.
211 1615 304 1646 Cant.
320 1615 369 1645 M.
386 1615 554 1644 Philemon
582 1613 694 1644 Corin-

48 1657 115 1688 thia
128 1658 213 1698 apud
228 1659 387 1689 Stobaeum
403 1658 462 1688 cvi.
486 1668 519 1697 p.
544 1660 617 1689 567.
642 1661 695 1688 52.

51 1700 152 1739 (cviii.
168 1712 200 1742 p.
214 1705 288 1733 419.
306 1702 413 1735 Grot.)
430 1700 465 1731 Εἰ
479 1700 520 1731 τὰ
534 1700 616 1740 παρὰ
629 1701 695 1732 τοῖς

49 1742 197 1775 ἄλλοισιν
213 1744 322 1782 εἶδοίης
338 1744 592 1784 κακὰ,“Ἀσμενος
609 1743 695 1783 ἔχοις

50 1786 100 1825 ἂν,
115 1790 272 1827 Νικοφῶν,
288 1787 307 1818 ἃ
323 1788 377 1817 νῦν
389 1785 484 1826 ἔχεις·
509 1787 562 1816 ubi
585 1787 694 1827 legen-

50 1830 127 1860 dum
141 1831 286 1866 fortasse,
304 1831 331 1861 εἰ
338 1831 379 1861 τὰ
394 1830 474 1870 παρὰ
489 1831 554 1861 τοῖς
565 1828 694 1860 ἄλλοισι

55 1874 86 1911 γ’
111 1872 221 1911 εἰδείης
245 1873 336 1904 κακά.
382 1873 556 1904 Barbarum
579 1878 629 1902 est
652 1872 692 1903 εῖ-

52 1915 146 1953 aolus,
172 1917 257 1957 quod
282 1923 314 1947 et
336 1917 369 1947 in
391 1922 500 1946 nostro
525 1916 619 1945 habet
649 1916 693 1947 D.

51 1959 155 1990 Attici
170 1961 255 1990 enim
268 1970 332 1990 non
349 1960 466 1990 habent
480 1960 549 1990 εἴδω
573 1958 695 1989 indica-

51 2002 162 2039 tivum,
179 2003 236 2033 sed
263 2003 440 2044 optativum
462 2008 496 2032 et
521 2002 696 2043 subjuncti-

52 2056 126 2076 vum
140 2047 231 2086 quasi
247 2047 286 2076 ab
300 2047 400 2084 εἴδημι
418 2046 563 2076 formant.
601 2044 697 2075 Cete-

52 2098 123 2119 mm
147 2095 233 2120 recte
259 2090 405 2119 observat
432 2089 634 2119 Hermannus
658 2088 698 2118 ad

56 2131 217 2173 Aristoph.
234 2132 321 2162 Nub.
336 2135 410 2164 399.
427 2130 535 2173 (401.)
553 2131 697 2161 librarios

53 2184 138 2216 saepe
153 2176 235 2206 male
251 2176 367 2205 addere
394 2176 473 2205 hanc
497 2174 695 2215 particulam,

54 2228 139 2259 saepe
155 2219 313 2249 omittere.
358 2218 409 2248 Ibi
432 2218 517 2248 enim
532 2217 595 2247 duo
611 2216 694 2248 Mss.

56 2262 163 2301 probae
177 2267 262 2291 notae
279 2262 365 2297 dant,
392 2261 426 2292 οὐ
445 2261 507 2300 γὰρ
523 2262 560 2297 δὴ
576 2261 645 2300 δρῦς
664 2261 695 2299 γ’

55 2305 204 2345 ἐπιορκεῖ.
249 2305 289 2335 111
304 2305 452 2345 Sophocl.
466 2303 518 2344 Aj.
536 2306 629 2334 1358.
641 2302 698 2334 σὸν

54 2346 114 2388 ἆρα
141 2346 286 2388 τοῦργον,
313 2348 368 2380 οὐκ
399 2346 472 2386 ἐμὸν
495 2345 696 2382 κεκλήσεται,

54 2396 188 2431 utraque
211 2391 345 2422 Juntina
370 2395 403 2420 et
429 2389 495 2420 Ms.
524 2389 612 2421 Trin.
642 2389 699 2421 σὸν

55 2433 117 2475 ’γὰρ
133 2433 192 2474 ἄρα
205 2434 345 2470 habent3
377 2434 446 2473 lege
462 2432 569 2472 igitur,
597 2431 653 2463 σόν
667 2433 698 2472 γ’

56 2476 116 2518 ἆρα
129 2475 273 2518 τοῦργον.
321 2476 509 2517 [Verissime
525 2474 698 2511 Porsonus,

55 2520 198 2560 mireque
215 2520 353 2550 anutitur
373 2520 431 2549 hoc
447 2518 613 2558 Sophoclis
628 2519 698 2549 loco

57 2563 264 2594 Heindorfius
290 2563 329 2593 ad
355 2562 481 2593 Platon.
511 2560 640 2602 Protag.
667 2573 700 2603 p.

56 2609 142 2690 4184ρ
160 2606 203 2637 G.
218 2606 266 2638 Η
283 2606 336 2647 8.]
383 2605 486 2646 Supra
507 2603 568 2645 γὰρ
583 2572 629 2644 Epg'
645 2615 700 2646 pro

124 2649 255 2733 ρΕιιπ-ἱρ.
273 2691 382 2723 Phoen.

780 1099 876 1128 1367.
900 1095 1144 1136 δυσποτμώτερα
1159 1100 1192 1126 et
1206 1105 1301 1136 supra
1323 1097 1381 1130 βα-

734 1139 977 1181 ρυποτμωτάτας
1007 1140 1083 1170 dant
1118 1139 1203 1169 Mss.
1241 1138 1382 1178 quidam.

735 1183 977 1223 δυσποτμότατα
988 1183 1036 1214 Μ.
1048 1183 1107 1213 oin
1119 1187 1252 1222 utroque
1266 1181 1387 1217 Aldus,

737 1237 793 1266 pro
824 1240 857 1262 ω,
883 1227 977 1257 male.
1024 1226 1105 1257 Cum
1135 1226 1222 1255 enim
1250 1224 1380 1263 πότμος,

736 1270 848 1300 τέκνον
873 1275 906 1299 et
933 1270 1051 1299 similia
1067 1268 1241 1298 secundum
1258 1268 1383 1298 Atticas

737 1313 875 1343 rationes
884 1313 1022 1353 priorem
1034 1312 1190 1353 sjllabam
1201 1311 1382 1351 corripiant,

738 1357 954 1396 consequitur,
978 1361 1016 1386 ut
1045 1355 1259 1394 comparativa
1288 1356 1384 1393 βαρυ-

736 1399 953 1438 ποτμώτατος,
979 1397 1247 1438 δυσποτμώτερος,
1277 1397 1385 1435 εὐτεκ-

737 1442 876 1474 νώτατος
900 1442 998 1483 (Hec.
1015 1445 1090 1473 585
1112 1442 1204 1481 624.)
1229 1445 1383 1481 antepen-

738 1486 880 1516 ultimam
895 1485 1082 1526 producant.
1128 1483 1307 1514 Menandei
1319 1482 1386 1513 Mi-

738 1539 870 1559 sumeno
884 1528 969 1569 apud
987 1528 1189 1558 Plutarchum
1215 1526 1254 1556 de
1281 1526 1385 1556 Divit.

738 1574 858 1602 Amore
877 1582 907 1611 p.
924 1575 998 1602 525.
1015 1571 1054 1600 A.
1076 1569 1252 1606 ”,Απολλον
1270 1568 1383 1609 ἀνθρώ-

740 1627 806 1646 πων
834 1616 891 1645 τιν’
922 1613 1111 1653 ἀθλιώτερον
1137 1611 1306 1653 Ἑόρακας;
1337 1611 1382 1652 ἆρ’

740 1659 857 1698 ἐρῶντα
873 1657 1151 1706 δυσποτμώτερον·
1145 1679 1152 1694 ,
1169 1656 1220 1686 ubi
1237 1655 1297 1697 Wy
1300 1660 1385 1686 tten-

738 1701 842 1731 bachii
858 1701 1046 1742 conjectura,
1069 1699 1222 1739 κᾶρῶντα,
1248 1704 1386 1729 metrum

739 1745 960 1785 pessundaret.

783 1791 879 1819 1370.
918 1787 967 1818 ἐπὶ
1005 1784 1084 1826 κάρα
1120 1797 1158 1816 τε
1185 1785 1231 1824 J.
1251 1784 1384 1815 membr.

738 1830 819 1861 Scal.

783 1876 879 1904 1371.
902 1873 1001 1915 τέρμα
1015 1873 1085 1903 sine
1102 1872 1235 1903 elisione
1252 1870 1329 1902 Ald.
1345 1871 1382 1901 C.

740 1916 784 1947 D.
800 1917 837 1946 L.
851 1919 982 1947 membr.
997 1915 1111 1956 τέρμον
1113 1914 1389 1956 ²,quodreposuit

741 1960 913 1990 Barnesius
939 1971 976 1990 ex
1001 1959 1059 1989 viii
1083 1959 1169 1989 docti
1192 1958 1385 1999 conjectura,

741 2013 758 2033 e
776 2002 871 2032 Voss.
896 2006 926 2034 1.
957 2002 1090 2042 protulit
1116 2001 1299 2038 Burtonus3
1328 2000 1385 2030 sed

742 2045 840 2086 scrips
826 2046 877 2081 sit,
893 2045 1015 2086 opinor,
1026 2045 1123 2076 Voss.
1135 2047 1166 2075 2.
1182 2044 1385 2074 Florentinus

742 2089 840 2129 enim,
856 2094 937 2119 teste
951 2087 1191 2123 Valckenaerio,
1207 2087 1304 2125 habet
1314 2098 1386 2127 τερ-

739 2131 888 2171 μονίαις’
874 2130 1004 2169 οκάστη.
1027 2130 1125 2170 τέρμᾶ
1140 2130 1222 2172 (sie)
1239 2129 1283 2160 R.
1298 2128 1386 2179 τέρμ’

739 2173 887 2211 Ἰοκάστη
915 2175 973 2205 τοῦ
996 2173 1068 2210 βίου
1096 2173 1187 2204 Grot.
1214 2172 1312 2204 eMs.
1340 2173 1387 2203 sic

741 2218 826 2248 enim
841 2217 933 2248 Leid.
950 2228 1015 2249 sec.
1031 2222 1065 2247 et
1079 2217 1146 2247 fere
1161 2216 1204 2246 K.
1251 2215 1346 2252 Quod
1361 2217 1388 2246 si

741 2261 812 2301 quis
828 2262 889 2291 erit
911 2261 964 2301 qui
987 2260 1146 2301 praeferat,
1168 2259 1248 2288 nihil
1275 2259 1306 2289 ei
1329 2269 1387 2300 pe-

738 2304 793 2345 jus
807 2304 1014 2344 imprecabol,
1041 2313 1136 2344 quam
1159 2307 1197 2332 ut
1219 2302 1253 2332 in
1280 2302 1388 2335 Orest.

742 2349 817 2378 490.
856 2348 951 2387 legat,
979 2346 1079 2386 (Mss.
1117 2345 1203 2375 enim
1239 2345 1387 2375 nonnulli

744 2373 919 2429 ἐξέπνευσξ)
939 2388 1026 2420 Ἐπεὶ
1041 2389 1104 2430 γὰρ
1119 2386 1276 2427 ἐξέπνευσ’
1290 2388 1387 2428 Ἀγα

742 2434 865 2472 μέμνων
877 2432 934 2464 τὸν
947 2427 1028 2468 βίον.

788 2479 883 2508 1372.
907 2475 958 2506 Sic
976 2474 1053 2505 Ald.
1071 2473 1163 2505 Grot.
1186 2469 1317 2505 membr.
1344 2473 1388 2504 R.

743 2524 787 2554 et,
804 2524 893 2559 puto,
910 2518 941 2549 J.
957 2518 996 2548 L
1018 2516 1162 2556 Σφιγγός
1183 2517 1212 2547 τ’
1228 2517 1388 2557 αἰνιγμοὺς

745 2558 1217 2616 Ο.Ι).Ι,61(1.ρ1;Σφιγγόςτ’
1240 2559 1389 2600 αἰνιγμῶν

744 2605 796 2636 Μ.
819 2604 962 2644 Σφιγγὸς
988 2602 1146 2643 αἰνιγμούς
1173 2615 1193 2634 τ
1231 2602 1315 2634 Flor.
1344 2603 1387 2634 K.

743 2648 835 2680 Leid.
851 2658 915 2678 sec.
937 2647 1021 2677 unde
1047 2646 1126 2678 fecit
1136 2645 1389 2678 Valckenaerius

1225 2689 1255 2720 G
