1565 2834
393 556 663 607 INDEX
724 554 1090 605 GRAECUS.

397 882 435 909 A.

98 972 118 991 α
144 959 296 992 Doricum
319 972 374 1003 pro
397 974 418 1001 η
443 972 484 994 an
508 962 623 1004 corripi
649 962 746 1004 possit

96 1052 194 1080 a-et
206 1049 415 1079 ent—confusa
427 1052 492 1081 216

97 1102 118 1122 α
133 1096 166 1121 et
181 1102 209 1122 οι
224 1091 353 1123 confusa
370 1095 453 1124 1358

97 1146 120 1165 α
133 1139 167 1164 et
180 1146 213 1166 os
226 1135 355 1166 confusa
370 1138 434 1168 636

98 1176 214 1216 ἄγονος
229 1181 312 1210 1613

98 1220 227 1254 ἀδικεῖν.
261 1221 363 1252 Lusus
382 1222 417 1254 in
438 1223 497 1254 hoc
518 1223 614 1254 verbo
639 1227 672 1253 et
694 1232 747 1253 co-

142 1265 244 1305 gnatis
261 1268 344 1297 1245

101 1306 161 1344 ἀεὶ,
185 1307 242 1339 αἰεὶ
263 1311 317 1340 85.
332 1311 407 1340 340.
427 1309 477 1341 καὶ
501 1319 660 1350 nunquam
677 1319 749 1339 cum

143 1349 193 1382 ἀεὶ
221 1351 323 1382 crasin
351 1352 429 1383 facit
458 1356 552 1385 1422.
582 1353 749 1391 πανταχοῦ

143 1394 203 1430 ἀεὶ,
227 1395 393 1427 διαπαντὸς
420 1395 479 1433 ἀεὶ,
504 1398 679 1436 ἐνδελεχῶς
702 1394 749 1425 ἀεὶ

143 1440 243 1469 1422.
279 1437 392 1478 [Conf.
404 1445 469 1470 not.
485 1439 527 1470 ad.
542 1439 750 1470 Demosthen.

144 1490 178 1521 p.
194 1483 269 1511 109,
282 1484 315 1512 6.
340 1482 384 1513 G.
401 1482 450 1513 H.
468 1482 520 1521 S.]

100 1522 238 1554 &Oa-mos
253 1529 285 1554 et
299 1523 420 1564 ἄταφος
434 1525 564 1556 confusa
581 1527 662 1556 1645

101 1565 200 1597 ἆθλον
221 1566 353 1606 primam
375 1568 470 1598 habet
491 1578 548 1608 per
564 1578 596 1598 se
612 1567 751 1607 longam,

144 1614 256 1649 utpote
271 1619 309 1640 ex
327 1609 441 1641 ἄεθλον
455 1615 650 1641 contractum
670 1613 751 1642 1277

102 1651 250 1688 αἵδεσθαι,
268 1652 415 1685 αἰδεῖσθαι
428 1656 513 1685 1503

103 1694 171 1726 αἰεί.
190 1693 232 1726 V.
248 1694 296 1726 ἀεὶ

104 1738 190 1778 αἰθὴρ
204 1743 238 1769 et.
251 1738 338 1774 ἥλιος
353 1738 485 1769 confusa
498 1740 562 1770 514

103 1779 190 1821 αἷμα.
205 1781 323 1820 αἵματα
337 1785 390 1813 20.
406 1784 502 1813 1517.
526 1779 601 1820 αῖμα
624 1785 656 1812 et
680 1779 752 1820 εἷμα

146 1825 277 1856 confusa
293 1828 389 1857 1077.
412 1823 486 1863 αἷμα
500 1830 532 1855 et
545 1824 627 1864 ἦμαρ
643 1825 752 1855 confu-

149 1877 192 1942 1³5
198 1871 311 1942 111595.
342 1866 416 1907 αἷμα
445 1873 477 1898 et
506 1870 596 1907 σῶμα
624 1867 754 1899 confusa

107 1953 282 1992 αἱματώδης
298 1956 382 1986 1353

108 1997 216 2038 αἱρεῖν.
241 1997 322 2028 ἑλὼν
351 2002 384 2027 et
412 1996 495 2037 ἔχων
520 1997 650 2027 confusa
680 2000 755 2028 566.

153 2040 234 2071 ἑλὼν
249 2045 282 2070 et
293 2041 402 2076 λαβὼν
416 2041 546 2070 confusa
561 2043 657 2072 1438.
673 2040 759 2072 ἑλεῖν

153 2088 187 2113 et
203 2084 305 2116 ἐλθεῖν
319 2083 450 2114 confusa
464 2085 527 2114 767

112 2127 208 2167 αἴρειν
221 2131 254 2156 et
270 2125 390 2166 αἰωρεῖν
406 2126 538 2156 confusa
553 2128 635 2157 1585

111 2168 276 2209 αῖσχήμων
291 2171 419 2199 verbum
435 2179 497 2198 non
513 2168 661 2199 Graecum
677 2173 761 2202 1622

112 2213 280 2253 αἴσχιστος
301 2218 335 2244 et
359 2212 508 2252 ἔχθιστος
533 2212 663 2243 confusa
686 2217 762 2245 594.

114 2255 297 2339 αι’σζχρήμαέν
306 2298 432 2328 verbum
444 2307 507 2327 non
520 2296 670 2328 Graecum
680 2301 763 2331 1622

113 2341 257 2377 Αἰτωλὶς,
274 2340 411 2373 Αἰτωλὸς
430 2343 511 2371 1182

115 2384 238 2425 αι’ωρεῖν
251 2389 283 2415 et
298 2385 392 2424 αἴρειν
405 2384 534 2414 confusa
548 2385 631 2414 1585

116 2428 234 2459 ἄκανθα
249 2431 309 2459 861

116 2470 294 2512 ἀκάρπιστα
306 2468 408 2505 πεδία,
425 2474 433 2486 ¹
446 2479 528 2500 mare
540 2470 547 2481 ’
563 2472 627 2513 216

116 2513 256 2545 ἇλαίνειν
273 2513 391 2553 [1552]

118 2557 248 2592 ἀλαλαὶ,
264 2554 424 2594 ἀλαλαγαὶ
440 2557 501 2586 345

120 2600 278 2637 ἀλλήλοιν
301 2605 334 2630 et
353 2597 506 2634 ἀλλήλοις
521 2597 652 2628 confusa
669 2601 764 2630 1284.

164 2643 320 2681 ἀλλήλοιν
331 2648 362 2673 et
374 2639 525 2678 ἀλλήλων
536 2640 666 2672 confusa
683 2645 765 2674 1438

789 876 889 907 ἄλλος
911 886 984 908 cum
1005 875 1122 917 plurali
1144 878 1240 908 1263.
1256 873 1316 908 σὺν
1329 873 1439 907 ἅλλοις

789 961 981 1004 ἀλλόχροος,
998 961 1165 1004 ἀλλόχρως
1182 964 1243 994 138

790 1006 916 1045 ἆμαθίαι
930 1009 1006 1038 404.
1022 1009 1084 1038 593

790 1048 969 1088 ἀμπετάσαι
984 1053 1067 1082 1425

790 1093 1094 1132 Ἀμυμώνειος,-ιος
1112 1095 1172 1125 195

790 1135 938 1177 ἀμφέρειν
954 1139 1036 1168 1125

792 1179 882 1219 ἀμφί.
905 1180 957 1210 De
972 1183 1144 1210 construet.
1159 1181 1221 1211 120

793 1223 832 1255 ἂν
847 1233 865 1252 a
880 1223 1015 1254 librariis
1029 1223 1169 1253 additum
1186 1226 1262 1254 586.
1275 1233 1293 1252 a
1310 1220 1442 1252 librariis

837 1266 984 1297 omissum
1000 1269 1094 1298 1577.
1110 1266 1228 1296 ‘solere
1239 1265 1246 1278 '
1263 1265 1442 1305 significans

836 1311 912 1341 412.
935 1319 976 1339 an
991 1310 1131 1350 optativo
1142 1310 1208 1339 veri
1219 1309 1356 1338 nominis
1366 1308 1441 1347 jun-

838 1358 927 1392 gatur
939 1355 1014 1383 586.
1038 1352 1077 1383 ἂν
1088 1357 1121 1382 et
1133 1351 1192 1392 ἄρα
1204 1352 1334 1382 confusa
1346 1353 1442 1381 1672.

837 1395 876 1426 ἂν
891 1401 924 1426 et
939 1394 977 1426 αὖ
992 1396 1123 1426 confusa
1138 1399 1214 1427 412.
1238 1395 1268 1434 ’γ’
1282 1394 1320 1425 ἂν
1335 1399 1369 1424 et
1381 1393 1444 1433 ’γὰρ

838 1439 971 1469 confusa
987 1441 1070 1470 1633

795 1479 927 1520 ἀνάγκη.
951 1480 1060 1519 πολλή
1085 1481 1114 1512 σ·
1135 1479 1268 1521 ἀνάγκη,
1290 1478 1397 1517 πολλή
1412 1478 1444 1517 ’γ’

838 1522 960 1563 ἀνάγκη
975 1527 1060 1556 1688

796 1566 965 1606 ἀναλαλάζ
964 1579 1008 1598 ειν
1024 1570 1109 1599 1410

795 1609 872 1649 ἄναξ
886 1621 958 1640 cum
973 1610 1080 1640 dativo
1095 1613 1135 1641 17

796 1651 944 1684 ἀνάπτειν
959 1658 992 1683 et
1006 1652 1148 1691 ἀμείβειν
1162 1651 1247 1682 conf.
1262 1654 1326 1683 578

795 1694 958 1737 ἀναρῦτειν
973 1699 1035 1727 463

795 1738 1003 1779 ἀναστρέφειν
1036 1743 1069 1769 et
1101 1736 1284 1779 ἀνατρέπειν
1317 1736 1448 1767 confusa

795 1824 979 1866 ἀνατρέπειν
1012 1829 1046 1855 et
1078 1823 1286 1865 ἀναστρέφειν
1313 1822 1443 1854 confusa

797 1910 980 1953 ἀνατρέφειν
1005 1918 1037 1941 et
1061 1910 1222 1951 ἐντρέφειν
1233 1910 1366 1941 confusa
1381 1912 1445 1940 379

798 1954 962 1995 ἀναφέρειν
973 1961 1004 1985 et
1017 1953 1203 1994 μεταφέρειν
1217 1954 1349 1985 confusa
1364 1955 1447 1985 1425

800 1998 952 2038 ἀνέχομαι
966 2008 1039 2028 cum
1053 1997 1220 2038 participio
1233 2001 1296 2036 557

801 2042 887 2082 ἀνήρ.
911 2042 964 2072 De
979 2041 1155 2083 quantitate
1170 2042 1201 2071 h.
1219 2051 1248 2070 v.
1264 2043 1362 2072 1670.
1377 2037 1446 2069 ἀνέ-

844 2097 895 2125 ρος
910 2095 950 2115 an
967 2084 1067 2116 Attici
1081 2089 1236 2125 usurpent
1252 2086 1348 2115 1670.
1363 2081 1449 2121 ’ἀνὴρ

847 2130 931 2160 1670

804 2170 884 2206 ἀνία,
923 2170 1002 2210 ἀνίη.

849 2217 935 2246 1334

806 2255 928 2296 ἀνιάζω.
951 2256 1002 2286 De
1018 2256 1194 2296 quantitate
1209 2256 1241 2286 h.
1258 2268 1287 2287 v.
1303 2258 1387 2286 1334

807 2299 937 2340 ἀνιαρός.
961 2299 1013 2329 De
1029 2299 1206 2339 quantitate
1220 2300 1254 2329 h.
1268 2310 1297 2329 v.
1312 2302 1397 2330 1334

807 2343 910 2374 ἀνιάω.
936 2341 987 2372 De
1003 2342 1178 2382 quantitate
1192 2342 1226 2372 h.
1241 2353 1272 2372 v,
1288 2345 1372 2374 1334

807 2386 953 2424 ἀνίστημι
977 2385 1137 2425 Euripidis
1163 2389 1257 2415 aetate
1283 2391 1351 2415 erat
1376 2389 1383 2402 ‘
1399 2384 1453 2415 de-

847 2430 969 2469 jectum
985 2427 1083 2468 erigo'
1099 2431 1160 2459 581

808 2472 927 2509 ἆντολὴ
942 2476 960 2502 5
971 2474 1006 2501 14

809 2515 912 2546 ἀνύειν
925 2517 989 2545 463

808 2558 940 2592 ἀνύτειν,
956 2555 1079 2587 ἀνύτειν
1092 2560 1154 2588 463

810 2601 952 2632 ἀνύττειν
968 2602 1030 2631 463

810 2643 1031 2675 ἀπαλλάσσειν
1048 2645 1142 2674 1093.
1186 2642 1237 2673 De
1251 2653 1311 2674 aor.
1329 2646 1357 2674 1.
1376 2648 1407 2673 et
1424 2646 1454 2676 2.

1059 2169 1112 2200 De
1148 2170 1324 2211 quantitate
1360 2170 1392 2200 h.
1422 2180 1450 2198 v.
