1566 2789
137 176 279 209 Nomina
311 173 437 216 propn'a
469 173 592 205 ratione
622 178 791 207 metrorum

183 230 237 250 XtV
585 234 588 235 ⁷

144 391 282 425 Omissio
306 401 429 427 vocum,
453 390 519 421 sine
543 391 657 432 quibus
678 389 793 421 librarii

186 436 373 466 sententiam
388 436 468 465 bene
478 435 648 475 procedere
662 435 792 475 opinan-

184 485 234 509 tur
248 482 343 510 1030.
358 477 444 508 Add.
464 480 545 509 1161

95 556 103 564 Ι
143 522 311 563 Oppositio
328 532 388 552 xxv

145 565 232 596 Ordo
247 565 408 595 verborum
424 575 442 595 a
461 564 592 596 librariis
614 564 793 595 immutatus

186 608 253 640 viii.
278 607 321 639 V.
338 619 364 640 s.
379 619 410 640 v.
424 607 641 649 Transpositio

453 737 493 769 P.

141 824 361 865 Participium.
404 823 447 854 In
474 823 595 853 duobus
627 822 794 853 sententiae

187 869 347 904 membris,
398 867 567 908 participio
622 865 794 907 praemisso,

187 912 274 943 aliud
299 911 510 952 participium,
538 909 621 950 quod
659 909 797 939 membra

187 955 245 986 illa
272 959 449 990 connectat,
479 953 569 994 sequi
599 952 694 982 debet
719 955 794 983 782.

187 999 243 1029 An
271 998 399 1028 verbum
427 1007 500 1027 cum
528 995 694 1036 participio
721 1005 795 1025 con·

183 1042 331 1084 junctum
349 1040 453 1070 verbis
475 1040 598 1069 duobus
621 1048 676 1079 per
698 1048 795 1078 copu-

188 1086 251 1115 lam
268 1083 446 1124 conjunctis
459 1082 633 1123 elegantius
648 1081 687 1111 sit
697 1083 794 1113 1141.

187 1128 276 1159 Add.
294 1131 390 1158 1161.
434 1125 639 1166 Participium
659 1124 795 1164 sing’ula-

187 1172 232 1202 ris
247 1170 368 1201 numeri
383 1180 454 1200 com
469 1169 563 1200 v'erbo
585 1168 673 1197 finito
693 1168 796 1207 plura-

188 1214 229 1245 lis
252 1215 344 1244 xxvii.
387 1212 558 1253 Participia
573 1211 641 1241 vice
663 1211 796 1249 fungen-

188 1258 233 1287 tia
256 1257 477 1299 adjectivorum
503 1258 579 1286 295.
601 1257 675 1285 358.
720 1254 798 1284 Par-

188 1300 332 1342 ticipiu‘m
342 1300 439 1330 futuri
446 1309 516 1329 curn
523 1297 627 1327 verbis
639 1296 798 1333 veniendi,

189 1348 251 1374 etc.
268 1342 352 1374 Add.
368 1344 450 1374 1161

146 1387 326 1418 Particulae.
373 1392 381 1403 ⁴
400 1384 589 1426 Hujusmodi
634 1383 799 1423 particulis

193 1429 312 1471 [qualis
327 1434 375 1459 est
387 1427 436 1468 δὲ]
452 1427 618 1462 addendis,
629 1427 800 1462 mutandis,

193 1473 339 1503 delendis
355 1471 468 1502 millies
484 1475 614 1500 metrum
631 1471 798 1511 corrumpi-

188 1515 255 1546 tur’
272 1519 334 1546 625

148 1559 324 1589 Passivum.
369 1557 522 1588 secundm
538 1561 570 1586 et
592 1556 754 1596 praesentis
769 1561 800 1586 et

192 1602 288 1633 futuri
319 1601 434 1641 passivi
465 1599 628 1630 indicativi
660 1609 799 1639 personae

192 1645 226 1676 in
243 1657 269 1676 ει
282 1644 488 1675 terminandae
504 1643 538 1673 ii.
554 1643 595 1672 xi.
609 1645 685 1673 986.
702 1645 798 1673 1215.

192 1688 326 1718 Passiva
356 1685 606 1728 impersonaliter
644 1691 799 1725 usurpata.

194 1730 236 1761 V.
248 1731 320 1761 Ind.
335 1730 437 1761 Graec.
453 1739 477 1759 s.
494 1740 524 1759 v.
541 1728 702 1768 Λεώφιλος

150 1775 256 1805 Pausa
271 1774 335 1804 xxi.
350 1773 417 1803 xxxi

151 1817 358 1858 Periphrasis.
382 1815 422 1846 V.
437 1826 462 1846 s.
478 1826 510 1845 v.
524 1814 768 1846 circumlocutio

151 1860 332 1891 Plconasmi
346 1862 409 1890 208

152 1904 279 1935 Plurale
304 1904 432 1932 verbum
457 1904 540 1932 recte
566 1901 706 1935 insertur,
734 1900 800 1930 sive

197 1946 259 1976 duo
276 1945 443 1986 singulari-‘t
464 1944 591 1974 nomina
605 1943 799 1983 conjungun-

196 1994 258 2025 tur,
293 1989 358 2019 sive
395 1987 616 2028 disjunguntur
639 1989 694 2017 86.
730 1996 802 2015 cuni

196 2036 308 2062 neutro
345 2031 461 2072 plurali
485 2033 558 2061 828.
588 2031 684 2061 1136.
713 2028 801 2060 Add.

198 2078 282 2106 1141
703 2070 707 2074 “

153 2118 290 2148 Pluralis
303 2127 362 2158 pro
377 2116 525 2158 singulari
538 2119 600 2147 265

153 2161 325 2192 Poetarum
340 2161 467 2190 licentia
481 2163 534 2191 31.
550 2161 625 2190 782.
663 2157 803 2188 Ubicun-

195 2215 257 2245 que
284 2204 316 2233 in
346 2203 493 2243 prosaicis
522 2200 723 2241 scriptoribus
749 2205 804 2230 aut

196 2247 312 2287 integri
327 2256 443 2282 versus,
456 2250 509 2274 aut
525 2245 707 2284 fragmenta,
724 2254 802 2283 quo-

196 2300 267 2320 rum
289 2289 379 2318 verba
401 2289 510 2318 eodem
527 2288 637 2317 ordine
655 2286 802 2320 citantur,

197 2343 260 2372 quo
277 2342 295 2362 a
306 2331 402 2371 po'eta
418 2331 532 2370 scripta
547 2334 629 2365 sunt,
646 2329 802 2368 leguntur,

196 2375 240 2405 ibi
266 2375 338 2404 talia
353 2374 526 2414 fragmenta
548 2383 567 2402 a
588 2372 713 2402 citantis
735 2381 802 2400 ora-

197 2418 283 2447 tione
321 2417 488 2457 diligenter
524 2415 698 2456 separanda
731 2418 801 2443 sunt

196 2460 283 2491 Add.
298 2462 363 2490 958

155 2504 280 2537 Portus,
292 2502 402 2532 AEmil.
414 2504 499 2532 1166

154 2545 338 2586 Praepositio
354 2545 387 2575 in
400 2544 557 2575 trochaico
578 2543 695 2585 tragico
709 2551 800 2582 quar-

197 2594 262 2619 tum
279 2588 391 2630 pedem
406 2597 470 2619 uon
490 2585 729 2618 terminat'xxxi.
751 2594 799 2616 ra-

600 76 769 110 INDEX
806 78 1051 113 LATINUS.

877 175 964 206 tione
978 186 1102 206 caesurae
1118 175 1152 206 in
1169 175 1364 217 anapaesticis
1376 188 1457 209 xxxv

836 218 977 250 Praesens
988 220 1168 260 significans
1183 224 1191 237 ‘
1202 221 1315 251 solere*
1328 224 1391 253 294

836 261 1012 293 Pronomen
1040 263 1080 293 ad
1103 263 1331 294 substantivum
1353 264 1486 295 referen-

878 306 964 341 dum,
982 307 1064 347 quod
1088 317 1152 336 non
1175 307 1344 347 praecessst,
1361 307 1416 338 sed
1432 305 1489 347 per

879 357 1046 389 cognatum
1081 360 1194 379 nomen
1223 349 1408 391 intelligitur
1435 353 1491 382 23.

879 392 1104 422 Pronominum
1119 392 1237 433 ellipsis
1249 397 1323 424 502.
1368 393 1490 424 Prono-

878 436 965 465 mina
991 446 1073 476 saepe
1101 436 1166 466 sine
1190 446 1284 466 causa
1305 435 1427 477 ejecere
1449 437 1490 466 li-

880 478 983 517 brarii,
1010 488 1093 519 saepe
1120 479 1187 508 sine
1218 490 1310 509 causa
1337 479 1489 510 addidere

883 525 978 553 1167.
1023 522 1245 552 Pronominum
1274 523 1390 553 tonosis
1411 525 1488 554 598.

881 566 1058 614 ⁷3⁴·..732
1108 565 1287 596 Pronomen
1325 565 1490 596 abundans

882 617 980 638 v1.v11

1144 712 1186 748 Q.

842 797 940 834 Quasi
956 815 967 822 -
985 807 1101 828 caesura
1116 797 1178 828 xvii

840 841 945 877 Quine
959 851 1037 871 xxxv

1144 937 1189 969 R.

840 1022 978 1054 Rectum
993 1023 1113 1061 lumen,
1129 1034 1164 1054 os
1178 1023 1267 1055 Add.
1284 1028 1348 1056 958

840 1066 1062 1140 Reopgssffiones
1086 1067 1248 1098 verborum
1278 1068 1311 1098 in
1335 1067 1490 1110 Euripide

842 1151 967 1224 Rlssesus
982 1151 1168 1201 Euripidem
1181 1158 1341 1185 auctorem
1357 1163 1422 1185 non
1435 1154 1491 1184 ha-

906 1202 937 1225 Εἶ
953 1205 1058 1225 xxxva

1155 1300 1188 1330 S.

845 1385 986 1426 Satyrica
1016 1386 1155 1416 dramata
1186 1384 1290 1425 plures
1317 1384 1491 1425 Tragoediae

887 1429 972 1468 leges
992 1428 1123 1464 violant,
1142 1428 1247 1468 plures
1261 1428 1431 1459 Comoediae
1454 1428 1492 1458 li-
1542 1421 1543 1431 ¹

888 1472 1005 1501 centias
1022 1471 1203 1501 adsciscunt
1217 1482 1275 1501 xxv

845 1514 1084 1544 Scholiastarum
1107 1514 1272 1545 auctoritas
1295 1514 1329 1543 in
1352 1513 1492 1544 versibus
1542 1512 1544 1518 ’

888 1558 1019 1587 choricis
1033 1557 1236 1597 disponendis
1249 1556 1306 1587 viii

845 1599 1058 1630 Secum-larum
1079 1610 1279 1639 personarum
1301 1599 1400 1629 forma
1413 1599 1450 1630 in
1466 1611 1494 1630 ει
1540 1613 1542 1624 =

889 1644 1052 1673 terminata
1066 1642 1101 1673 ii.
1119 1643 1161 1673 xi.
1182 1646 1259 1674 413.
1271 1645 1346 1673 986.
1364 1645 1446 1674 1215

844 1685 988 1716 Senarius
1005 1685 1056 1715 xii.
1093 1686 1218 1726 Tragici
1233 1685 1387 1716 senarium
1409 1695 1491 1715 nun-

886 1739 977 1770 quam
1002 1729 1042 1758 ita
1066 1728 1247 1770 disponunt,
1262 1733 1298 1758 ut
1319 1728 1417 1768 pedes
1432 1732 1493 1758 ter-

886 1773 948 1801 tius
975 1777 1006 1802 et
1028 1777 1154 1811 quartus
1177 1781 1272 1802 unam
1295 1781 1403 1802 vocem
1424 1770 1491 1801 effi-
1539 1805 1543 1808 ,

887 1815 972 1845 ciant
987 1814 1071 1844 xviii.
1085 1817 1148 1846 728

844 1857 1005 1887 Somnioru
1012 1868 1037 1887 m
1052 1862 1149 1887 mater
1161 1858 1245 1893 Nox,
1260 1857 1354 1887 Terra
1366 1860 1408 1889 70
1542 1878 1544 1882 ν

846 1900 979 1941 Spiritus
1009 1909 1099 1941 asper
1128 1901 1189 1930 vim
1226 1901 1342 1931 habens
1371 1899 1495 1930 articuli
1538 1899 1542 1920 ;

887 1946 963 1974 295.
980 1946 1044 1975 309
1538 1935 1543 1981 ἴ

846 1986 964 2017 stobaei
987 1996 1092 2026 margo
1115 1986 1148 2017 in
1169 1985 1346 2016 nominibus
1361 1985 1495 2026 propriis
1540 2015 1542 2020 ,

890 2039 993 2059 errans
1008 2039 1062 2059 xm

849 2072 1082 2103 Substantivum
1095 2071 1127 2101 in
1143 2071 1301 2112 adjectivo
1317 2075 1495 2112 antegresso

891 2115 990 2145 latens
1019 2118 1071 2146 22.
1127 2115 1372 2149 Substantivum‚
1409 2114 1495 2155 quod

892 2158 982 2198 priori
1021 2157 1157 2188 membro
1193 2156 1372 2187 addendum
1417 2162 1494 2193 erat,
1538 2190 1541 2193 ‚

890 2200 1053 2241 posteriori
1079 2200 1230 2230 additum.
1254 2200 1295 2231 V.
1319 2210 1344 2230 S.
1366 2211 1396 2231 v,
1418 2199 1493 2230 Tra-
1537 2199 1539 2202 ’

884 2244 994 2284 Jectio.
1458 2257 1462 2261 ·

846 2286 1036 2326 superlativi
1065 2291 1097 2317 et
1133 2285 1337 2326 comparativi
1373 2285 1495 2316 confusi
1537 2309 1540 2314 .

892 2332 987 2360 1206.
1033 2329 1220 2369 superlativi
1257 2340 1313 2369 pro
1351 2328 1510 2369 positivis,

890 2372 1049 2402 substituti
1064 2373 1095 2402 xl
1512 2378 1517 2382 ”

847 2415 993 2456 Syntaxis
1035 2415 1242 2456 perturbatior
1278 2414 1363 2444 Add.
1397 2416 1494 2445 1030.

886 2457 1033 2498 Syntaxis
1076 2457 1152 2498 πρὸς
1192 2457 1231 2489 τὸ
1268 2456 1495 2496 σημαινόμενον
1533 2474 1538 2479 -

844 2542 1019 2584 Systemata
1034 2543 1147 2575 melica
1159 2543 1215 2575 vii.
1258 2543 1404 2585 Systema
1421 2542 1492 2573 ille·
1532 2556 1537 2585 3

888 2586 1028 2626 gitimum
1045 2589 1107 2619 215
