1566 2789
160 82 238 129 viii
671 90 945 122 PRAEFATIO·

159 194 345 235 Cautius
379 192 508 246 igitur
542 192 587 233 in
619 192 703 234 hae
733 196 857 246 parte
879 204 948 232 me
969 191 1097 244 gessi,
1121 196 1166 232 et
1189 191 1391 244 quaedam
1412 190 1477 231 in-

158 254 280 292 tacta
312 250 487 303 reliqui,
525 250 568 289 in
604 250 767 302 quibus
798 254 944 290 tamen
977 261 1162 289 errorem
1189 249 1324 290 latere
1346 260 1477 302 posse

159 307 415 361 suspicatus
450 309 547 347 sim.
608 306 712 347 Hoc
747 306 878 346 seme]
911 305 1232 347 observandum
1256 312 1339 354 est,
1371 305 1477 345 nihil

159 368 250 404 tam
284 363 529 417 frequenter
556 363 600 403 in
630 363 836 404 librarios
868 363 1043 411 cadere,
1080 376 1213 415 quam
1246 363 1477 403 verborum

157 420 353 460 ordinem
389 422 630 460 immutare.
702 419 836 460 Hune
865 431 1050 459 errorem
1080 419 1141 459 illi
1172 419 1360 471 quidem,
1403 419 1475 459 ubi

159 477 572 526 animadverterunt,
604 476 840 529 aliquando
870 477 1008 516 literis
1038 475 1335 516 numeralibus
1366 475 1477 516 indi-

159 537 273 574 cant.
344 534 432 573 Sed
461 533 542 574 has
571 536 698 574 notas
727 533 774 583 ii,
807 533 881 586 qui
911 537 1066 586 postea
1089 532 1289 573 codicem
1312 534 1475 573 exscri-

158 591 279 637 bunt,
298 590 401 630 dum
424 590 479 630 ad
500 590 632 629 finem
653 590 800 642 operis
820 593 1070 643 properant,
1094 602 1216 642 saepe
1237 590 1474 642 negligunt.

159 646 259 697 [xii]
274 646 517 687 Tutissima
531 647 716 699 proinde
733 646 974 699 corrigendi
988 647 1100 687 ratio
1118 651 1185 687 est
1204 646 1474 697 vocularum,

160 703 200 743 si
216 715 328 755 opus
341 708 423 751 est,
439 703 735 755 transpositio.

217 759 445 809 Licentiae,
469 773 603 812 quam
623 761 666 800 in
687 759 894 800 dialectis
916 759 1000 799 sibi
1021 759 1254 812 permisere
1276 759 1471 811 Tragici,

157 815 265 856 fines
300 820 507 857 accurate
539 817 804 857 constituere
824 814 1074 869 perdifficile
1115 822 1208 856 est:
1251 817 1471 857 Ionismos

158 876 303 912 tamen
324 873 535 925 quosdam
570 873 842 919 adhibuisse,
877 872 956 913 sed
992 885 1122 924 parce
1145 876 1187 912 et
1206 886 1318 921 raro,
1342 879 1472 914 extra

157 930 496 969 controversiam
527 934 609 969 est.
673 929 895 969 Dixerunt
935 929 1088 981 utique
1128 927 1223 977 ξένος
1261 935 1301 969 et
1347 930 1469 980 ξεῖνος,

156 982 265 1035 μόνος
293 989 336 1025 et
369 989 511 1036 μοῦνος,
545 984 689 1039 ’γόνατα
710 990 754 1025 et
774 984 954 1038 γούνατα,
978 984 1080 1041 κόρος
1100 991 1145 1026 et
1169 989 1307 1040 κοῦρος,
1331 986 1403 1040 δορὶ
1425 993 1469 1027 et

157 1040 266 1096 δουρί.
325 1042 483 1082 Plures
515 1055 617 1082 vero
657 1054 714 1081 ex
749 1042 947 1082 Homero
986 1043 1157 1082 invexit
1196 1043 1469 1084 librariorum

156 1098 346 1138 inscitia.
408 1098 599 1138 Dialecti
621 1098 811 1145 Doricae,
844 1098 985 1136 choris
1012 1098 1332 1148 usitatissimae,
1355 1100 1468 1140 ratio

156 1154 309 1206 paullo
342 1153 518 1194 facilior
547 1159 629 1202 est,
660 1165 740 1193 nec
771 1158 918 1193 tamen
950 1154 1126 1194 omnino
1150 1159 1283 1194 certa.
1345 1156 1468 1197 Nulli

157 1211 273 1250 enim
298 1210 490 1259 codices,
512 1222 567 1249 ne
600 1209 752 1263 optimi
787 1209 978 1261 quidem,
1011 1210 1201 1250 Doricas
1231 1210 1394 1253 formas
1426 1213 1469 1254 in

156 1267 330 1307 melicis
366 1270 613 1307 constanter
644 1266 839 1306 retinent.
898 1265 987 1306 Sed
1023 1266 1134 1307 hane
1162 1269 1354 1320 regulam
1377 1283 1469 1310 ser-

157 1323 345 1364 vandam
366 1323 533 1376 putavi,
555 1326 602 1362 ut
621 1335 711 1371 eae,
731 1323 980 1374 ubicunque
1000 1324 1069 1363 vel
1098 1337 1210 1364 unus
1231 1326 1361 1366 modo
1383 1339 1467 1367 non

156 1380 360 1433 pessimae
398 1384 514 1419 notae
545 1378 688 1419 codex
718 1379 947 1432 praeberet,
979 1380 1023 1419 in
1054 1383 1175 1422 textu
1196 1395 1465 1433 reponerem.

159 1435 212 1475 ln
233 1437 454 1489 plerisque
468 1436 583 1475 enim
606 1435 735 1484 Mss„
754 1436 830 1475 ubi
851 1435 896 1475 in
920 1440 1147 1478 contextus
1169 1439 1278 1478 serie
1302 1439 1465 1481 Dorica

156 1492 295 1533 forma
315 1496 473 1541 exstat,
510 1492 661 1532 Attica
686 1492 753 1532 vel
781 1494 1020 1533 communis
1048 1506 1181 1547 supra
1197 1495 1362 1548 scripta
1383 1502 1466 1537 est.

157 1548 290 1589 Hanc
310 1549 437 1602 igitur
456 1549 622 1589 scribas
643 1548 814 1602 quoties
836 1549 963 1590 alteri
986 1550 1238 1603 praetulisse
1260 1553 1466 1594 credibile

153 1605 250 1645 est!

212 1661 378 1701 Praeter
410 1660 513 1701 Aldi
549 1661 794 1711 editionem,
825 1662 949 1715 cujus
979 1663 1189 1704 lectiones
1227 1665 1464 1719 plerasque

155 1717 464 1757 memorandas
485 1718 654 1770 putavi,
684 1721 833 1770 utpote
869 1731 927 1759 ex
961 1718 1075 1761 Mss.
1104 1720 1193 1761 fere
1213 1734 1465 1774 expressam,

156 1786 262 1814 usus
278 1786 375 1813 sum
385 1774 668 1823 Barnesiana,
681 1774 913 1825 Kingiana,
924 1775 969 1815 M
977 1778 1253 1829 usgraviana,
1269 1778 1466 1820 Brunck-

155 1831 272 1878 iana,
310 1829 552 1870 Beckiana.
613 1830 802 1883 Kingius
831 1832 970 1872 multa
998 1833 1098 1873 loca
1127 1847 1184 1874 ex
1221 1835 1335 1874 Mss.
1371 1848 1465 1876 cor-

155 1887 284 1935 rexit,
317 1886 394 1926 sed
422 1885 594 1939 judicio
628 1900 782 1940 parum
814 1889 917 1938 acri,
947 1893 991 1929 et
1018 1889 1071 1929 de
1093 1891 1465 1933 emendationibus

155 1943 247 1982 suis
286 1943 491 1983 lectorem
527 1956 625 1984 raro
666 1944 891 1985 certiorem
920 1944 1042 1985 facit.
1120 1946 1172 1986 In
1211 1960 1256 1987 re
1285 1949 1465 1989 metrica

155 1999 338 2039 multum
361 2011 407 2038 se
429 1999 590 2050 jactat,
613 2004 659 2040 et
691 2000 1034 2041 Scholiastarum
1063 2004 1337 2053 auctoritate,
1363 2018 1463 2058 quae

154 2055 275 2095 nulla
294 2059 376 2104 est,
396 2068 547 2096 versus
568 2056 768 2097 choricos
790 2056 998 2110 disponit.
1039 2058 1262 2100 Interdum
1283 2074 1341 2101 ex
1363 2074 1464 2101 con-

148 2111 319 2164 jectura
335 2124 451 2152 mera
473 2124 609 2165 eaque
629 2112 778 2153 fallaci
798 2117 961 2154 textum
977 2115 1269 2168 interpolavit.
1301 2117 1463 2158 Verum

154 2167 253 2208 416.
288 2171 390 2220 post
418 2169 516 2208 414.
538 2169 685 2222 posuit
703 2174 747 2209 et
767 2170 861 2211 417.
886 2170 1056 2212 delevit.
1117 2172 1253 2214 Hunc
1275 2186 1462 2216 errorem

154 2223 348 2264 Thomas
389 2224 618 2275 Morellus,
659 2226 734 2278 qui
785 2226 937 2278 Kingii
966 2227 1203 2269 editionem
1243 2231 1462 2282 repetivit,

155 2281 362 2330 sustulit3
391 2281 469 2323 sed
485 2282 593 2333 ipse,
616 2282 731 2335 [xiii]
753 2287 804 2322 ut
824 2283 954 2323 fidem
971 2288 1016 2325 et
1038 2284 1255 2338 judicium
1276 2287 1462 2328 hominis

155 2348 387 2386 agnoscas,
437 2338 641 2378 codicum
687 2338 1048 2392 descriptionem,
1098 2355 1230 2395 quam
1280 2342 1463 2384 dederat

156 2391 360 2445 Kingius,
380 2395 554 2444 omisit3
585 2397 626 2434 et
659 2407 701 2435 v.
736 2396 833 2436 578.
862 2409 940 2448 pro
967 2396 1083 2436 τοιάδ’
1113 2397 1213 2450 ἀμφὶ
1243 2402 1308 2447 σῆς
1338 2398 1463 2453 λέγον,

155 2448 378 2498 audacter,
395 2449 471 2490 sed
493 2452 643 2500 tacite,
664 2451 803 2492 edidit
820 2453 915 2499 τοῖος
943 2454 1039 2507 ἀμφὶ
1071 2457 1135 2503 σῆς
1163 2453 1289 2509 λόγος.
1349 2455 1462 2498 Cum

153 2511 302 2547 notam
335 2506 390 2547 ad
416 2506 530 2548 hunc
564 2507 713 2549 locum
742 2509 1002 2560 scribebam,
1034 2511 1270 2555 editionem
1296 2516 1461 2554 tantum
