1566 2789
132 137 195 180 90

141 243 291 283 εὐδαίμων
305 248 337 274 et
352 243 517 283 ἰσοδαίμων
533 245 661 276 confusa
677 246 727 275 xxi

139 288 228 319 εὔνοι’
245 287 369 328 ἄκαιρος
381 300 412 318 κ.
423 300 453 319 τ.
470 294 502 319 λ.
518 288 574 318 xiii

140 332 275 362 εὔοπλος
291 336 323 361 et
339 330 470 362 ἔνοπλος
485 331 614 362 confusa
629 333 713 362 1072

140 374 290 413 εὐπήχεις
304 375 407 414 χεῖρες
418 374 487 404 xxvi
677 370 680 372 ’

140 418 304 458 εὐπρεπὴς,
318 418 481 460 ἐκπρεπὴς,
495 416 644 457 εὐτρεπὴς
660 416 789 447 confusa

140 504 256 544 εὔρους,
268 508 329 534 etc.
344 506 408 535 646

139 548 296 578 εὔτεκνος.
339 547 391 577 De
415 546 511 577 forma
533 544 736 586 comparativi
758 549 790 575 et

183 590 365 630 superlativi
378 593 442 621 579

141 633 302 673 εὐτρεπὴς,
313 632 479 673 ἐκπρεπῆς,
491 630 644 671 εὐπρεπὴς
660 630 785 661 confusa

142 718 297 758 εὐτυχεῖν.
343 718 395 750 De
410 722 579 759 augmento
595 718 626 747 h.
642 728 670 747 v.
684 719 767 748 1190

141 763 239 801 ἐχρῆν
255 762 284 792 xi

143 804 236 844 ἔχων,
251 805 267 835 ὁ
282 801 404 847 (dives)
415 807 478 837 295

456 936 489 963 Ζ.

143 1018 201 1058 ζέω
223 1020 305 1058 θυμῷ
328 1020 424 1050 1038.

188 1065 272 1093 1038

143 1104 199 1143 ζόη
216 1107 299 1136 1090

144 1147 215 1185 ζωὸς
232 1151 316 1179 1090

143 1190 215 1230 ζωή.
261 1190 313 1221 De
326 1189 499 1232 quantitate
514 1191 545 1219 h.
561 1200 590 1218 v.
609 1191 691 1219 1090

462 1017 521 1057 ζέω
537 1022 569 1048 et
582 1017 640 1059 ῥέω
663 1016 792 1047 confusa

453 1322 490 1348 H.

143 1417 164 1441 ⁷7
179 1410 210 1435 et
223 1416 239 1435 ν
254 1402 382 1434 confusa
396 1406 417 1434 2

143 1460 164 1485 η
180 1453 212 1477 et
227 1459 267 1478 ως
282 1446 409 1477 confusa
424 1449 488 1478 624

144 1502 206 1531 -ῃ
221 1496 252 1520 et
265 1501 336 1520 -ει
359 1490 565 1519 secundarum
591 1497 789 1528 personarum

188 1533 220 1563 ii.
238 1533 280 1564 xi.
303 1535 379 1564 413.
395 1535 469 1563 986.
484 1536 566 1564 1215

144 1576 165 1614 ἢ
181 1574 245 1612 (1ῒῆ
261 1575 392 1605 confusa
413 1578 508 1606 1254.
551 1574 570 1611 ἢ
594 1579 626 1603 et
651 1573 700 1604 καὶ
717 1583 789 1602 con-

188 1619 256 1648 fusa
273 1621 314 1649 86

143 1660 164 1698 ἦ
179 1661 386 1702 postpositum
403 1662 497 1691 1254.
541 1659 561 1697 ἦ
584 1665 613 1689 et
629 1659 648 1696 ἢ
663 1659 782 1689 consus
775 1670 792 1687 .ι

187 1708 262 1735 999.
282 1706 364 1735 1254

145 1746 229 1788 ἦβᾷν
244 1752 277 1777 et
292 1745 446 1783 ’ἡβάσκειν
461 1747 590 1776 confusa
604 1747 673 1775 xxiv

145 1789 200 1826 ἠδὲ
215 1795 363 1830 usurpant
373 1789 496 1829 Tragici
511 1793 574 1821 323

146 1834 212 1870 ἥκω
228 1843 296 1862 cum
314 1833 489 1862 accusativo
503 1833 564 1863 loci
579 1835 643 1864 920

146 1875 372 1914 ἡμιδιπλοίδιον
386 1875 489 1904 xxxvii

148 1918 186 1956 ἢν
201 1929 241 1948 an
254 1928 325 1948 cum
341 1918 480 1957 oplativo
503 1920 696 1948 construatur
718 1922 791 1950 599.

191 1960 321 1990 subaud.
338 1963 422 1991 1010

147 2015 184 2041 ης
198 2014 260 2043 quo
274 2003 463 2043 compendio
477 2003 665 2044 exprimatur
687 2008 765 2036 1161

145 2047 259 2088 ᾖσμεν,
274 2044 364 2087 ᾖστε,
380 2044 461 2087 ᾖσαν
478 2049 560 2078 1094

147 2090 255 2126 ἥσσων
269 2093 298 2120 S.
316 2091 379 2119 322

148 2132 270 2171 ἥσυχος
285 2136 318 2162 et
331 2130 459 2171 ἡσύχως
474 2132 601 2162 confusa
619 2135 698 2163 1091

149 2176 253 2213 ἥττων
267 2174 407 2215 Tragicis
418 2185 480 2205 non
495 2181 673 2217 usurpatum
692 2179 711 2206 8

457 2307 495 2334 Θ.

151 2388 279 2420 θάπτειν
293 2388 364 2430 πυρὶ
381 2400 404 2419 s.
421 2389 469 2421 διὰ
484 2389 577 2430 πυρὸς
591 2392 652 2425 885

152 2433 257 2472 Θάρσει
270 2432 465 2472 interjectum
483 2435 546 2464 863

153 2474 230 2507 θεός.
253 2475 317 2506 θεοὶ
339 2476 405 2506 sine
419 2475 551 2506 articulo
573 2477 649 2506 944.
683 2473 799 2515 [Confi

196 2523 261 2549 not.
290 2518 331 2548 ad
362 2518 464 2548 Orest.
495 2521 570 2550 412.
599 2518 642 2548 G.
670 2519 716 2549 H.
741 2518 795 2558 S.]

195 2561 275 2601 θεὸς,
291 2560 345 2591 θεὰ
360 2563 435 2592 356.
459 2560 544 2592 θεοὺς
561 2561 703 2602 ἡγεῖσθαι
719 2563 782 2594 788

151 2603 329 2642 Θεράπαινα,
345 2603 478 2646 θεράπνη
492 2607 555 2637 480

151 2645 305 2687 Θηρονίκη
318 2657 339 2677 v

588 152 755 184 INDEX
801 151 1043 184 GRAECUS.

832 244 994 284 Θηροφόνη
1007 256 1025 274 v

833 286 1011 327 θηροφόνος.
1058 287 1109 317 De
1124 285 1275 319 feminino
1290 290 1321 319 11.
1338 301 1366 320 v.
1381 300 1398 318 v

833 330 942 367 θνητὸς
956 336 987 360 et
1001 330 1114 371 βροτὸς
1128 331 1256 362 confusa
1266 335 1340 364 819.
1371 331 1480 370 θνητὸς

875 379 907 402 et
923 373 998 414 ἀνηρ
1013 374 1139 403 confusa
1157 377 1220 405 852

832 417 952 456 θρηνυς.
998 415 1176 456 ὀδυρμάτων
1213 418 1326 458 Θρῆνοι,
1365 418 1479 459 θρήνων

877 458 998 500 ὀδυρμοὶ
1014 463 1077 491 298

1145 592 1170 617 1.

835 685 844 702 ι
860 671 955 701 dativi
971 672 1135 712 singularis
1148 683 1185 703 an
1199 673 1283 714 apud
1294 673 1416 705 Atticos
1424 674 1480 704 eli—

878 715 969 745 datur
981 716 1031 745 xvi

837 770 845 787 ι
860 758 1079 798 paragogicum
1097 758 1273 789 dativorum
1287 759 1309 789 i.
1323 761 1386 790 459

836 802 911 839 ἰἀμα
934 801 1056 830 videtur
1071 802 1195 831 serioris
1211 802 1269 832 aevi
1286 812 1351 832 esse
1374 808 1405 832 et
1427 811 1480 831 ve-

879 844 994 874 teribus
1010 844 1152 884 Tragicis
1165 844 1308 884 ignotum
1321 845 1352 875 vi

836 885 947 926 ἰατρός.
993 887 1045 916 De
1061 886 1235 928 quantitate
1251 889 1281 918 h.
1295 899 1324 919 v.
1340 886 1368 917 xi

836 928 911 959 ἰδεῖν
922 934 954 959 et
969 928 1052 971 ᾄδειν
1064 930 1194 960 confusa
1208 930 1294 962 Add.
1313 932 1393 962 1161

834 973 901 1012 ἴδῃς
916 978 948 1002 et
963 972 1045 1014 εἰδῇς
1056 973 1186 1003 confusa
1198 975 1260 1004 172

835 1015 896 1056 ἰδίᾳ
912 1021 944 1045 et
957 1016 1029 1047 ἴδιαι
1045 1015 1173 1046 confusa
1191 1018 1273 1047 1002

837 1058 902 1097 ἱεῖς,
919 1059 969 1095 ἵης
985 1059 1034 1089 xix

837 1101 985 1132 ἱκετεύειν
999 1101 1068 1132 τινά
1083 1113 1165 1132 τινος
1181 1103 1244 1133 740

833 1142 967 1175 Ἰλιάδος
982 1147 1045 1176 919

834 1186 930 1218 Ἰλίας
946 1190 1009 1218 994

839 1230 947 1267 ἱππικὴ
963 1231 1029 1260 sine
1046 1230 1174 1261 articulo
1188 1233 1262 1261 782.
1298 1230 1355 1272 [V.
1371 1230 1482 1260 Melet.

883 1273 960 1304 Crit.
982 1285 1013 1313 p.
1029 1276 1061 1304 4.
1090 1284 1114 1304 s,
1143 1280 1174 1303 et
1196 1279 1260 1303 not.
1282 1274 1319 1302 ad
1347 1273 1483 1312 Dionys.

882 1316 954 1346 Hal.
971 1317 1009 1346 de
1024 1315 1062 1345 C.
1080 1316 1119 1346 V.
1134 1327 1207 1356 pag.
1223 1319 1297 1347 289.
1318 1317 1358 1346 G.
1371 1316 1416 1346 H.
1429 1315 1481 1356 S.]

835 1360 925 1397 ἴσμεν
941 1364 973 1388 et
986 1357 1086 1400 ᾖσμεν
1100 1359 1230 1389 confusa
1249 1361 1327 1390 1094

836 1401 999 1439 ἰσοδαίμων
1013 1403 1061 1431 xxi

835 1445 951 1475 ἰσόθεος
967 1445 1016 1474 xxi

837 1486 971 1518 ἱστάναι.
996 1489 1061 1519 στῶ
1077 1494 1106 1517 et
1122 1489 1179 1523 βῶ,
1197 1487 1273 1519 στὰς
1290 1492 1321 1516 et
1337 1487 1407 1522 βὰς,
1421 1491 1481 1517 εἰς.

884 1534 964 1561 1062

837 1575 926 1612 ἴχνος
946 1574 1000 1614 (po
1005 1584 1031 1613 s,
1046 1574 1079 1614 pl
1083 1579 1156 1603 mt‘l
1171 1572 1280 1613 pedis)
1297 1576 1380 1603 1042

837 1617 932 1655 ι’ὣμαι.
982 1616 1034 1646 De
1051 1617 1226 1657 quantitaie
1244 1617 1273 1645 11.
1290 1627 1319 1644 v.
1337 1616 1366 1645 xi

1141 1749 1178 1775 Κ.

838 1829 1029 1869 καθέζεσθαι.
1074 1830 1124 1859 De
1141 1834 1308 1869 augmento
1327 1831 1357 1861 11.
1376 1842 1402 1860 v.
1420 1831 1461 1861 xii

837 1873 939 1904 καθεὶς
956 1879 987 1903 et
999 1873 1131 1907 κατθεὶς,
1146 1872 1265 1904 καθέτω
1278 1878 1309 1903 et
1321 1874 1481 1904 καταθέτω

879 1917 1008 1946 confusa
1031 1919 1093 1947 559

837 1959 1004 1998 καθεύδειν.
1053 1958 1102 1989 De
1116 1967 1283 1999 augmento
1300 1961 1328 1988 11.
1344 1970 1372 1988 v.
1388 1959 1429 1989 aii

838 2004 998 2040 καθῆσθαι.
1043 2001 1094 2031 De
1109 2007 1276 2043 augme-nto
1294 2003 1323 2031 h.
1342 2013 1369 2032 v.
1385 2002 1425 2031 xii

838 2046 897 2076 καί.
943 2046 978 2074 Iu
996 2045 1132 2080 vocibus,
1154 2054 1231 2084 quas
1246 2044 1296 2075 καὶ
1312 2055 1366 2085 per
1381 2046 1482 2075 erasm

882 2088 992 2127 giguit,
1004 2087 1067 2117 iota
1075 2097 1135 2117 non
1148 2087 1415 2122 subscribendum,
1426 2089 1486 2118 nisi

888 2131 937 2160 ubi
954 2130 1004 2161 καὶ
1019 2141 1088 2160 cum
1112 2130 1305 2170 diphthongo
1321 2131 1422 2160 crasin
1439 2132 1483 2160 ef-

882 2173 944 2203 ficit
961 2175 983 2204 i.
1001 2173 1040 2202 xi.
1087 2172 1221 2211 καὶ--Ὑε
1250 2175 1343 2204 1257.
1389 2174 1483 2204 καὶ-

885 2215 917 2246 δὲ
933 2219 1023 2247 1257.
1067 2215 1250 2254 καίτοι-’γε
1265 2219 1361 2247 1206.
1391 2216 1483 2247 καὶ-

883 2271 918 2288 τε
934 2259 1057 2288 xxxviii.
1104 2258 1154 2288 καὶ
1178 2265 1211 2288 et
1234 2259 1254 2295 ἢ
1278 2259 1407 2289 confusa
1430 2264 1481 2291 86,

884 2301 933 2331 καὶ
949 2307 979 2331 et
996 2302 1043 2331 κεί
1054 2301 1181 2331 confusa
1195 2304 1270 2333 782.

839 2344 975 2375 κάκιστα
987 2354 1055 2374 cum
1071 2343 1260 2384 superlativo
1272 2347 1336 2375 618

839 2386 942 2418 κακός.
960 2385 1047 2418 δόσιν
1062 2387 1161 2417 κακὰν
1177 2389 1279 2418 κακῶν
1294 2388 1410 2423 κακοῖς,
1427 2394 1487 2418 etc.

881 2433 945 2460 586

837 2471 997 2503 κάλλιστα
1012 2483 1083 2503 cum
1096 2472 1284 2513 superlativo
1299 2475 1363 2504 618

839 2515 1040 2556 καλλίχειρες
1055 2515 1167 2547 ὠλέναι
1181 2515 1251 2545 xxvi

840 2557 945 2589 καλός.
970 2557 1053 2597 καλὴ
1075 2559 1113 2589 de
1137 2558 1255 2589 femina
1277 2557 1396 2589 dictum
1411 2557 1485 2598 quid

883 2601 1037 2640 significet
1054 2604 1067 2631 l
1076 2603 1136 2631 167

841 2643 1012 2676 καλύπτειν
1027 2649 1059 2675 et
1073 2643 1218 2686 κρύπτειν
1231 2643 1361 2676 confusa
1380 2646 1444 2675 896
