1596 2824
329 478 699 523 SYLLABUS
752 475 1127 529 NOTARUM,

266 598 449 638 QUlBUS
496 598 842 629 MANUSCRlPTI
887 597 1196 628 SlGNAN'l'UR·

107 730 187 762 Cum
203 729 302 769 signa,
318 728 433 769 quibus
449 737 523 759 usus
537 737 605 758 sum
621 728 660 757 ad
677 727 757 757 Mss.
772 726 1024 768 distinguendos,
1040 726 1171 767 sparsim
1187 726 1221 756 in
1236 725 1321 756 notis
1344 735 1399 755 ex-

61 795 233 834 plicentur,
248 794 349 825 visum
363 799 412 823 est
425 793 532 824 omnia
546 793 596 824 hic
614 792 654 823 ob
669 792 777 823 oculos
791 792 920 823 lectoris
933 792 1026 822 simul
1040 801 1203 832 reponere.

60 891 101 921 A.
127 891 332 932 Mosquensis
343 891 463 932 primus
477 890 561 932 apud
576 890 743 921 Beckium.

66 956 149 997 Aug.
169 960 199 988 l.
215 960 246 988 2.
271 956 454 997 Augustani
470 956 532 986 duo
549 954 635 996 apud
646 954 855 986 Brunckium.

66 1020 105 1052 C.
120 1021 158 1052 C.
171 1020 210 1052 C.
222 1022 275 1052 vel
289 1021 354 1051 Ms.
371 1020 410 1052 C.
428 1019 465 1051 C.
482 1020 522 1051 C.
547 1020 648 1050 codex
662 1020 697 1051 in
713 1019 865 1061 Corporis
881 1017 1002 1050 Christi
1018 1017 1164 1060 Collegio
1178 1017 1404 1060 Cantabrigiae‚

108 1097 126 1116 a
141 1085 295 1117 Barnesio
305 1091 337 1117 et
352 1085 474 1127 Kingio
485 1085 632 1116 collatus.

65 1151 161 1182 Cant.
191 1150 291 1181 codex
312 1150 389 1181 olim
405 1149 558 1186 Askewii,
577 1149 710 1179 nuncin
722 1148 922 1180 Bibliotheca
935 1147 1117 1179 Academiae
1135 1148 1409 1190 Cantabrigiensis

111 1215 254 1255 signatus
268 1214 350 1245 Mm.
366 1217 397 1246 1.
413 1217 465 1246 11.
509 1214 593 1245 Vide
609 1213 693 1244 infra
708 1213 756 1244 M.
771 1212 815 1244 N.

68 1279 113 1310 D.
136 1279 342 1320 Mosquensis
355 1284 486 1320 quartus
500 1279 585 1320 apud
600 1278 769 1310 Beckium.

69 1345 114 1376 Η.
136 1346 186 1376 vel
203 1345 292 1376 Harl.
319 1344 513 1377 Harleianus
527 1347 625 1377 5725.
638 1344 674 1375 in
688 1343 805 1374 Museo
815 1343 1013 1376 Britannico.

69 1410 102 1442 J.
124 1410 317 1441 Harleianus
330 1412 428 1442 6300.
441 1409 573 1442 ibidem.

71 1472 116 1503 Κ.
138 1472 251 1514 Regiae
266 1472 436 1504 Societatis
457 1472 559 1503 codex
581 1472 750 1508 recentior,
775 1480 795 1502 a
809 1470 930 1512 Kingio
953 1470 1100 1502 collatus.
1142 1469 1246 1512 Hujus
1260 1469 1414 1511 quasdam

111 1538 145 1568 in
162 1537 264 1569 choris
278 1537 553 1578 interpolationes,
569 1548 587 1568 a
603 1537 724 1578 Kingio
738 1537 772 1568 in
787 1542 912 1567 textum
927 1535 1091 1573 admissas,
1108 1545 1237 1577 prorsus
1250 1535 1348 1566 tacui.

72 1602 110 1634 L.
142 1602 206 1633 ΜΕ.
222 1602 408 1644 Ayscough.
420 1605 517 1635 4952.
528 1602 563 1633 in
578 1602 695 1633 Museo
710 1600 908 1632 Britannico.

72 1668 122 1699 M.
138 1667 182 1698 N.
204 1667 269 1698 Ms.
281 1667 315 1698 in
327 1667 530 1698 Bibliotheca
544 1667 640 1698 Publ.
657 1667 791 1699 Cantab.
803 1667 949 1708 signatus
958 1665 1024 1697 Nn.
1039 1668 1071 1697 3.
1084 1668 1136 1698 14.
1149 1665 1229 1696 Tres
1239 1665 1360 1707 priores
1369 1664 1416 1696 fa-

117 1733 209 1763 bulas
222 1732 318 1764 habet
331 1732 471 1774 eleganti
486 1742 580 1763 manu
595 1731 711 1762 saeculo
728 1742 802 1762 mv.
824 1732 970 1772 scriptas,
994 1730 1137 1772 duasque
1159 1730 1275 1761 iterum
1297 1729 1417 1770 priores

116 1796 291 1838 ineleganti
303 1801 336 1827 et
349 1797 567 1828 recentissima
579 1806 684 1827 manu.
708 1796 803 1827 Illum
819 1796 951 1837 posthac
963 1796 1082 1827 vocabo
1095 1796 1144 1826 M.
1154 1795 1360 1826 recentiorem
1374 1793 1418 1825 N.

120 1862 162 1892 Et
182 1862 267 1893 hunc
283 1861 425 1892 codicem
440 1866 472 1892 et
488 1860 582 1892 Cant.
599 1862 638 1892 ab
654 1861 804 1892 Askewio
819 1861 958 1892 utendos
980 1861 1106 1903 accepit
1120 1861 1335 1902 Musgravius,
1362 1859 1418 1890 sed

117 1927 230 1968 paucis
243 1932 368 1957 tantum
381 1926 416 1957 in
431 1927 509 1957 locis
524 1926 675 1968 inspexit.
1304 1918 1313 1924 ’

78 1992 216 2022 Membr.
240 1991 429 2021 membranae
444 1992 477 2022 in
495 1990 696 2020 Bibliotheca
714 1988 888 2020 Parisiensi
903 1988 1017 2031 Regia,
1034 2000 1053 2020 a
1067 1989 1229 2021 Brunckio
1243 1989 1377 2021 collatae.

81 2057 161 2087 Mss.
177 2055 315 2086 Dorvill.
338 2055 475 2086 Codices
492 2054 686 2085 Dorvilliani
701 2055 776 2090 duo,
792 2065 896 2096 nuper
909 2055 993 2086 inter
1008 2054 1204 2086 Bodleianos
1223 2054 1369 2096 repositi.

80 2121 118 2151 P.
133 2120 182 2151 vel
200 2120 269 2151 Lib.
286 2119 325 2150 P.
348 2120 429 2150 liber
441 2120 617 2160 impressus
632 2120 665 2149 in
684 2118 769 2149 Bibl.
788 2119 974 2157 Parisiensi,
991 2130 1064 2151 cum
1079 2120 1161 2151 Mss.
1175 2120 1322 2156 collatus,
1338 2119 1423 2150 unde

122 2186 224 2216 varias
238 2185 394 2216 lectiones
409 2184 578 2225 exscripsit
593 2181 810 2225 MusgrariuS.

83 2250 125 2281 R.
148 2250 241 2281 Alter
256 2248 370 2292 Regiae
386 2249 555 2281 Societatis
570 2248 681 2280 codex.
