1566 2789
105 55 176 109 70

512 57 669 105 ETP
700 57 1024 107 ΙΠΙΔΟΤ

175 193 345 249 παντως
371 193 443 257 σφ’
472 195 653 258 ἀνάγκη
681 196 925 245 κατθανεῖν·
969 194 1058 245 ἐπεὶ
1089 193 1132 246 δὲ
1162 195 1262 266 χξῆ,

180 268 303 332 ἡμεῖς
331 268 573 334 κτενοῦμεν,
594 266 713 338 οἵπεξ
743 267 1038 337 ἓξεφύσαμεν.

416 338 426 357 Ι

179 340 347 398 παντως
373 363 597 411 πεννξωται
627 344 790 402 ταῦτα,
816 341 927 393 κούκ
956 340 1236 407 ἐκφεύξεται.

1321 356 1429 392 1060

181 435 258 462 και
284 411 368 471 δη
373 438 419 464 ντι
448 438 580 485 κξατι
609 414 834 480 στέφανος,
861 416 898 466 ἐν
925 414 1137 467 πέπλοιο-ι’
1160 437 1207 466 τε

179 485 325 552 νύαφη
348 511 544 567 τυξαννος
573 487 789 539 όλ“λυν·αι
831 490 940 554 σαφ’
972 485 1059 540 οἶδ’
1091 511 1191 553 εγω.

180 561 306 619 αλλ,
335 584 428 629 ειμι
457 585 550 633 70⁶5
580 562 627 620 δη
658 564 1018 631 τλημονεστατην
1046 560 1148 622 οδον,

181 655 259 683 και
289 633 443 685 τούσδε
472 634 645 702 νῑέαψω
672 634 1025 706 τλημονεσνέξαν
1054 634 1132 687 ετι·

182 706 351 765 παῖδας
378 715 619 778 ντξοσειντεῖν
645 708 899 776 βούλομαι·
943 709 1042 769 δον,
1070 707 1103 759 ὠ
1129 707 1273 768 τέκνα,
1325 723 1431 759 1065

185 778 269 830 δότ
295 783 597 833 ασπασασθαι
624 806 759 853 μητξι
791 782 936 842 &egum
963 781 1098 853 9555oe-

184 851 218 901 ὠ
244 856 446 917 φιλτατη
472 856 586 925 χεὶρ,
614 856 697 920 φῖ)
702 878 833 906 τατον
862 854 906 907 δέ
930 879 1009 924 μοι
1037 880 1172 944 καξα,

185 927 263 976 καὶ
292 931 473 996 σχῆμα,
500 929 580 979 καὶ
609 952 826 999 νι-ξοσωντον
857 928 1025 993 εὐγενες
1054 927 1213 989 τέκνων,

185 999 514 1066 εὐδαιμονοιν-ον
558 1003 668 1052 αλλ’
701 1002 804 1052 ἐκεῖ·
853 1002 983 1053 ταδ’
1017 1002 1163 1053 ἐνθαόε

122 1115 123 1118 ¹
184 1073 331 1154 πατὴξ
354 1075 572 1138 αφεῖλεν-’·
614 1073 648 1124 ὠ
675 1081 876 1139 ’γλυκεια
902 1075 1148 1146 νιξοσβολη,

1326 1088 1436 1129 1070

184 1153 214 1195 ὠ
241 1146 486 1214 μαλθακος
513 1171 642 1236 755025,
669 1150 846 1216 πνεῦαα
873 1149 910 1198 θ’
943 1148 1113 1206 ἣδιστον
1140 1147 1303 1200 τέκνων.

185 1243 380 1290 χωξεινε,
402 1222 590 1291 χωξεῖτ’·
633 1219 771 1271 οὐκέτ’
803 1224 893 1289 εἰμι
882 1220 1214 1292 νιξοο-βλὲνι-ειν

183 1292 257 1343 οἱα
284 1294 319 1343 τ’
345 1315 384 1351 ες
414 1294 547 1362 ὑμας,
585 1294 723 1345 ἀλλα
750 1296 937 1363 νικῶμαι
965 1318 1138 1354 κακοις.

184 1389 262 1416 και
288 1368 493 1434 μανθανω
517 1390 610 1436 μεν,
637 1391 713 1418 οια
741 1366 848 1438 ὂξαν
874 1366 1036 1435 μέλλω
1066 1369 1212 1419 κακοί·

158 1526 250 1554 1059.
273 1524 439 1563 κτενοῢμέν
463 1525 493 1564 γ’
518 1524 618 1555 edidit
647 1525 747 1555 Brun-

113 1565 202 1595 ckius
221 1577 237 1596 e
253 1567 345 1597 Lasc.
361 1567 418 1597 sed
434 1567 574 1597 Lascaris
591 1568 679 1602 infra.
696 1567 750 1597 ubi

110 1608 192 1638 idem
208 1618 314 1638 versus
326 1620 485 1640 occurrere
496 1611 626 1646 solebat,
639 1611 749 1652 (Mus-

113 1661 158 1689 gr.
176 1654 287 1690 1250.)
303 1653 486 1691 particulam
500 1653 627 1683 omittit.
665 1652 749 1683 Rec-

114 1693 183 1728 tius,
201 1695 322 1733 opinor,
336 1694 435 1724 abest.

159 1739 253 1766 1060.
288 1737 459 1776 πέπρακται
494 1737 569 1767 Ald.
598 1736 755 1777 πέπρωται

117 1777 154 1807 Ε.
170 1778 207 1807 L.
223 1779 258 1808 P.
274 1784 308 1808 ut
323 1779 422 1809 edidit
438 1780 625 1811 Brunckius.

165 1824 254 1851 1064.
278 1821 370 1851 Hunc
385 1832 507 1852 versum
521 1824 659 1861 spurium
683 1832 755 1853 cen-

115 1868 162 1891 set
177 1863 339 1894 Piersonus
354 1865 501 1894 Verisim.
517 1875 547 1904 p.
564 1868 616 1895 60.

161 1907 255 1936 1066.
278 1906 461 1938 ἀσπάσασθε
472 1907 576 1945 vulgo.
623 1907 685 1937 Sed
700 1907 755 1938 ἆσ-

118 1946 276 1979 minacem
290 1949 489 1988 BIusgravius
503 1959 540 1979 ex
554 1949 595 1978 A.
609 1950 650 1980 Β.
662 1950 705 1979 1).
720 1950 756 1980 Ε.

117 1996 149 2018 et
163 1991 208 2020 sic
223 1994 261 2021 X.
272 1996 310 2021 Π.
328 1995 422 2022 1316.
438 1993 593 2031 quomodo
610 1992 685 2022 citat
700 1993 755 2024 Jo-

118 2032 177 2062 sias
189 2033 351 2064 Mercerus
364 2035 401 2063 ad
419 2034 558 2064 Nonium
572 2035 757 2064 Marcellum

121 2085 147 2103 v.
165 2080 173 2092 ‘
189 2075 304 2105 Cette.’
349 2077 452 2106 Verba
475 2077 567 2106 Ennii
590 2076 674 2117 apud
688 2077 756 2106 No-

121 2117 206 2147 nium
236 2119 301 2148 haec
331 2125 420 2148 sunt:
456 2124 464 2135 ‘
481 2120 601 2149 Salvete
631 2125 758 2160 optuma

120 2169 258 2199 corpora,
278 2166 361 2191 cette
383 2171 492 2191 manus
515 2168 642 2196 vestras,
657 2172 757 2192 meas-

121 2212 180 2241 que
211 2202 365 2243 accipite.'
425 2204 502 2233 Mox
537 2202 692 2243 φίλτατόν
723 2216 759 2235 τε

122 2245 221 2275 Beck.

167 2289 259 2317 1069.
286 2287 510 2325 εὐδαιμονεῒτον
540 2288 628 2319 Lasc.
657 2290 760 2319 minus

122 2329 215 2359 bene.

168 2373 259 2402 1072.
283 2372 338 2402 οὐκ
355 2371 397 2401 ἔτ’
414 2372 449 2402 L.

169 2417 261 2444 1073.
285 2416 410 2452 νικῶμαι
429 2413 531 2445 πόνοις
556 2419 594 2446 Χ,
615 2419 654 2445 Π.
687 2418 761 2447 594.

168 2501 262 2530 1074.
290 2497 338 2529 οῗα
358 2498 506 2538 τολμήσω
530 2499 610 2529 κακὰ
632 2499 709 2529 editi
732 2506 765 2529 et

128 2540 207 2570 Mss.
219 2541 369 2581 plerique.
395 2542 457 2571 Sed
469 2543 541 2582 δρᾷν
549 2540 668 2579 μέλλω,
680 2543 762 2582 quod

125 2583 223 2615 multo
238 2584 350 2613 melius
365 2591 422 2620 est,
448 2595 501 2625 pro
520 2583 669 2622 τολμήσω
686 2595 763 2624 prae-

793 1523 868 1555 bent
880 1524 917 1555 C.
930 1524 966 1555 E.
982 1524 1075 1555 Lasc.
1088 1524 1173 1565 quod
1186 1533 1258 1554 cum
1273 1522 1385 1554 Grotio
1397 1523 1437 1553 ad

793 1567 911 1597 Matth.
932 1567 995 1597 xiV.
1010 1570 1041 1598 9.
1064 1572 1096 1596 et
1113 1566 1342 1596 Valckenaerio
1357 1565 1436 1595 Dia-

794 1609 863 1639 trib.
888 1620 921 1650 p.
945 1612 996 1640 21.
1021 1609 1185 1649 placuerit,
1209 1608 1308 1638 edidi.
1352 1608 1438 1644 Quid

794 1652 906 1692 legerit
921 1652 1105 1682 Chalcidius
1117 1653 1148 1681 in
1160 1652 1312 1681 Timaeum
1328 1650 1437 1681 Plato-

796 1694 846 1724 nis
861 1705 934 1735 pag.
948 1697 1022 1726 274.
1039 1694 1090 1724 ed.
1102 1694 1222 1724 Meurs.
1239 1704 1276 1723 ex
1292 1694 1356 1734 ejus
1373 1703 1438 1723 ver·

799 1738 895 1772 sione,
925 1743 932 1755 ‘
952 1737 1021 1767 Nec
1048 1747 1097 1767 me
1122 1737 1199 1766 latet
1220 1746 1317 1771 nunc,
1345 1745 1439 1775 quam

799 1785 929 1810 cruenta
939 1779 1094 1819 cogitem3
1117 1779 1177 1809 Sed
1193 1778 1290 1808 vincit
1297 1779 1345 1808 ira
1357 1778 1438 1808 sani-

800 1827 895 1852 tatem
911 1822 1067 1863 pectoris‚’
1081 1822 1188 1861 colligi
1203 1822 1322 1861 nequit.
1348 1820 1438 1860 Saepe

801 1865 932 1895 adhunc
944 1866 1046 1895 locum
1056 1864 1168 1894 alludit
1181 1867 1219 1894 X.
1230 1868 1268 1893 Π.
1277 1867 1352 1894 595.
1367 1865 1441 1894 720.

801 1909 874 1938 742.
882 1911 956 1938 875.
965 1907 1021 1937 sed
1030 1907 1075 1936 ita
1081 1907 1276 1947 plerumque,
1284 1911 1331 1940 ut,
1340 1911 1440 1935 utram

800 1949 967 1979 lectionem
976 1951 1023 1979 inv
1029 1950 1207 1983 enerit,non
1218 1948 1346 1978 indicet.
1358 1948 1441 1977 'san-

801 1991 873 2022 dem
883 2003 953 2022 vero
968 1991 1171 2027 1883.habet,
1182 1990 1242 2021 Καὶ
1252 1989 1365 2021 συνιεὶς
1374 1989 1440 2028 μὲν,

801 2032 849 2065 οἷα
862 2036 982 2075 τολμᾷς
992 2033 1140 2075 ἀφρόνως,
1152 2033 1235 2063 unde
1246 2033 1356 2073 liquet,
1370 2043 1440 2062 eum

800 2077 832 2106 in
848 2087 902 2107 suo
919 2077 1043 2107 Medeae
1062 2077 1172 2107 codice
1195 2076 1340 2105 habuisse
1363 2081 1439 2105 τολ-

800 2118 899 2158 μήσω.
946 2120 1063 2150 Contra
1092 2120 1166 2159 δρᾷν
1194 2117 1302 2156 μέλλω
1329 2127 1441 2157 magno

801 2172 954 2192 consensu
971 2162 1047 2191 dant
1063 2161 1249 2191 Plutarchus
1264 2160 1304 2189 de
1317 2159 1441 2189 Vitioso

803 2205 926 2234 Pudore
951 2215 981 2244 p.
1002 2206 1077 2234 533.
1097 2203 1140 2234 D.
1175 2203 1324 2233 Clemens
1345 2202 1441 2232 Alex-

803 2246 889 2276 andr.
905 2248 1018 2276 Strom.
1033 2246 1066 2275 ii.
1083 2256 1114 2285 p.
1127 2248 1201 2276 462.
1218 2245 1375 2274 Lucianus
1387 2254 1443 2283 pro

804 2290 904 2318 Mero.
919 2290 1064 2319 conduct.
1077 2288 1115 2318 Τ.
1127 2288 1147 2317 i.
1164 2298 1196 2327 p.
1210 2290 1286 2318 717.
1301 2286 1441 2316 Galenus

805 2333 844 2361 de
860 2331 977 2370 Dogm.
992 2331 1143 2371 Hippocr.
1159 2335 1191 2358 et
1206 2329 1289 2358 Plat.
1300 2329 1384 2358 iii.2.
1402 2329 1445 2357 iv.

805 2378 835 2404 5.
859 2379 891 2402 et
914 2378 965 2404 10.
993 2373 1140 2413 Synesius
1155 2373 1194 2401 de
1211 2371 1323 2411 Regno
1342 2380 1374 2410 p.
1392 2373 1441 2401 ll.

807 2417 845 2445 A.
857 2415 1019 2445 Hierocles
1031 2415 1061 2444 in
1074 2414 1150 2444 Aur.
1162 2414 1266 2444 Carm-
1276 2413 1326 2443 ed.
1335 2413 1441 2442 Need-

807 2459 889 2487 ham.
899 2468 931 2497 p.
943 2460 995 2487 60.
1010 2457 1162 2486 Arrianus
1172 2456 1202 2485 in
1215 2455 1351 2496 Epictet.
1360 2455 1381 2484 i.
1391 2457 1442 2485 28.

808 2499 985 2539 Simplicius
998 2500 1030 2529 in
1048 2499 1148 2539 Epict.
1161 2499 1189 2538 ξ.
1203 2501 1233 2528 4.
1245 2500 1446 2528 et10.etll.

807 2542 838 2571 in
847 2542 989 2581 Categor.
1001 2552 1031 2581 p.
1041 2545 1093 2572 61.
1104 2551 1132 2570 a.
1143 2543 1194 2572 18.
1203 2540 1252 2569 ed.
1265 2540 1337 2570 Bas.
1350 2542 1429 2570 1551
1438 2561 1446 2569 .

808 2584 959 2615 Alcinous
982 2583 1020 2614 de
1045 2583 1198 2614 Doctrina
1220 2581 1361 2614 Platonis
1377 2591 1446 2623 cap.
