1565 2834
559 61 940 112 ΜΗΔΕΙΑ.

1353 57 1416 105 11

161 201 212 259 ὦς
240 198 396 252 τούσδε
418 198 588 258 παῖδας
619 223 702 264 γης
731 199 841 266 ἐλᾷν
871 197 1101 269 Κοξινθίας

161 273 234 336 ξων
260 274 395 345 μητξὶ
423 272 592 342 μέλλει
622 272 754 331 τῆσδε
783 272 979 343 κοῖξανος
1008 267 1160 340 χθονος

1365 281 1422 322 70

162 346 321 428 Κξὲων
351 348 373 398 o‘
398 346 545 416 μέντοι
573 349 710 414 μῦθος
742 349 776 397 εἰ
805 346 952 412 σαφης
981 344 1065 405 ὅδε,

160 422 240 474 οὐκ
268 417 389 473 οἰδα·
417 421 669 490 βουλοίμην
697 418 740 472 δ
768 417 820 470 ἀν
849 420 927 471 οὐκ
957 415 1067 471 εἶναι
1094 417 1208 470 τοδε.

89 499 197 568 Τξο.
226 519 306 547 και
336 496 463 546 ταῦτ’
492 496 651 546 Ἰάσων
677 493 848 552 παῖδας
877 492 1131 555 ἒξανὲξεται

162 571 446 638 πάσχοντας,
476 571 510 620 εἰ
537 569 616 619 καὶ
643 591 779 639 μητξι
811 565 1075 637 διαφοξάν
1055 590 1180 636 εχεις

92 648 210 695 Hom.
239 644 430 694 παλαιαὶ
459 645 612 695 καινῶν
641 642 849 693 λείπεται
876 640 1177 710 κηδευμάτων,

164 718 274 769 κούκ
304 716 391 768 ἐυ-τ’
423 716 578 775 ἐκεινος
607 715 752 768 τοῖσδε
785 715 983 784 δωμασιν
1011 715 1159 779 φίλος.

92 795 199 862 Teo.
229 788 524 857 ἀπωλόωεσθ
552 789 635 860 εἴς’,
665 792 700 841 εἰ
727 812 868 840 κακον
889 789 1176 859 πζοσοῖσουεν

1232 796 1284 815 ιί
1406 780 1428 817 ἱ.

168 888 249 916 mov
277 868 479 932 παλαις),
507 864 600 934 72-5212
629 863 723 914 ‘rod'
755 861 1077 930 ἓξηντληκὲναι.
1092 901 1125 917 χ

58 994 62 998 ,
95 944 213 991 Hac.
243 940 365 1010 ὄις-εὶς
395 938 511 1003 σύγ’,
533 962 581 989 ου
610 962 703 1009 7⁰⁶?
732 961 885 1008 magog
916 931 1072 987 εἷόἑναι
1101 934 1211 987 τάδε

133 1045 186 1073 72.
209 1041 285 1073 ’τάδε
308 1046 346 1073 Χ.
371 1046 410 1072 Π.
442 1044 537 1072 1283.
572 1042 656 1071 Infra
685 1044 738 1072 79.

92 1088 165 1116 889.
191 1084 262 1116 τόδε
286 1085 375 1115 Lasc.
401 1085 458 1116 sed
480 1085 513 1114 in
538 1085 640 1125 priore
666 1085 737 1115 loco

91 1128 167 1161 τάδε
182 1133 221 1160 Χ.
237 1133 276 1159 Π.
294 1130 389 1158 1238.
437 1128 565 1158 Oblitus
590 1137 654 1156 sum
673 1137 737 1157 1110-

92 1181 166 1202 nere
194 1171 234 1202 ad
261 1171 415 1201 Phoeniss.
438 1172 512 1201 438.
536 1181 553 1201 e
569 1170 647 1199 Mss.
663 1168 738 1200 τάδε

92 1215 232 1245 edidisse
248 1213 525 1243 Valckenaerium.
550 1213 625 1252 Ipse
638 1223 655 1242 e
671 1213 738 1242 solo

91 1257 240 1288 J.notavi
256 1268 263 1286 :
280 1262 392 1296 postea
401 1265 475 1286 vero
487 1256 603 1286 iterum
617 1255 739 1295 inspexi

95 1300 188 1331 Cant.
204 1305 237 1330 et
252 1300 301 1329 M.
317 1309 449 1338 quorum
468 1299 523 1328 ille
544 1299 639 1328 habet
652 1297 739 1334 τόδε,

94 1343 143 1373 bic
160 1341 246 1374 τάδε.
293 1342 355 1371 Hic
371 1352 445 1372 sane
457 1341 527 1372 τάδι
538 1341 738 1381 praetulerim,

95 1390 130 1415 ut
144 1387 263 1416 vitetur
277 1385 555 1414 liomoeoteleuton.

138 1431 191 1459 76.
215 1433 241 1459 N
258 1428 350 1457 finale
374 1428 495 1457 addunt
510 1426 651 1457 Lascaris
669 1437 739 1457 cum

97 1470 182 1500 Aldo
198 1471 248 1501 hic
264 1476 296 1500 et
313 1472 385 1500 332.
402 1472 476 1501 343.
491 1472 564 1501 697.
578 1472 651 1500 894.
666 1472 740 1500 907.

98 1516 191 1544 1036.
210 1516 304 1544 1252.
323 1515 417 1543 1292.
432 1515 524 1543 1295.
539 1515 632 1543 1299.
646 1514 740 1542 1356.

99 1559 192 1587 1366.
216 1556 378 1586 omittunt
388 1555 480 1585 ambo
493 1558 564 1585 121.
579 1557 651 1585 122.
668 1557 739 1586 127.

97 1601 293 1630 1080.1086.
309 1598 517 1628 Numerorum
524 1596 686 1628 commodo
695 1607 743 1627 so-

99 1643 148 1671 lus
157 1641 396 1671 additLascaris
408 1643 503 1671 1094.
526 1639 743 1677 Qualeraddit

99 1683 213 1720 Aldus,
222 1684 274 1713 ubi
282 1682 398 1713 omittit
406 1683 638 1723 Lascaris‚566.
648 1685 742 1714 1034.

101 1728 193 1757 1103.
206 1729 299 1757 1210.
317 1726 354 1755 ln
364 1726 648 1766 Hippolytovicies
657 1725 744 1755 addit

99 1774 127 1800 N
138 1769 253 1805 Aldus,
264 1779 336 1800 cum
347 1775 447 1799 metro
457 1769 664 1798 necessarium
675 1773 722 1798 est
735 1780 741 1798 ε

102 1814 152 1842 18.
169 1816 222 1844 45.
235 1815 287 1843 91.
309 1814 362 1842 93.
384 1814 457 1842 101.
480 1813 551 1842 189.
572 1813 646 1841 281.
668 1814 742 1842 416.

101 1858 174 1886 459.
191 1857 266 1886 483.
281 1857 355 1885 514.
378 1857 452 1885 601.
476 1856 549 1884 810.
573 1856 646 1884 874.
670 1856 745 1885 979.

102 1900 195 1929 1045.
212 1900 307 1928 1265.
328 1900 423 1928 1351.
441 1899 534 1926 1353.
552 1899 646 1927 1376.
692 1897 743 1927 Sic

101 1939 199 1970 etiam
221 1940 256 1970 L.
280 1940 341 1969 nisi
366 1940 399 1969 in
423 1939 545 1969 duobus
569 1939 648 1969 locis
670 1941 744 1970 979.

102 1985 196 2014 1351.
241 1983 371 2018 Contra,
383 1981 439 2012 ubi
452 1987 582 2012 metrum
597 1986 624 2012 N
639 1987 745 2022 postu-

102 2026 163 2056 lare
179 2025 315 2060 videtur,
341 2025 427 2064 ἤϊξεν
450 2027 520 2055 165.
542 2024 637 2054 habet
661 2025 746 2054 solus

102 2069 139 2099 L.
168 2069 254 2109 (lege
282 2066 364 2109 ᾖξεν.
421 2067 537 2097 Paullo
567 2072 640 2096 ante
672 2070 746 2098 155.

103 2113 257 2142 ἔπλευσεν
282 2111 358 2140 Ald.
384 2110 519 2141 ἔπλευσε
547 2109 637 2139 Lasc.
660 2109 748 2140 Infra

103 2156 177 2185 742.
201 2153 348 2193 ἀγέλαισι
371 2154 461 2183 Lasc.
486 2150 639 2193 ἆγέλῃσιν
652 2152 748 2192 Ald.)

103 2197 271 2227 Lectiones
282 2207 360 2238 quas
367 2196 421 2226 dat
434 2196 467 2226 L.
478 2195 511 2224 in
524 2195 644 2224 Medea
655 2197 749 2225 1031.

104 2240 317 2280 ἀνθρώποισιν,
340 2240 370 2268 in
395 2238 574 2278 Hippolyto
589 2240 663 2268 724.
681 2249 748 2267 παι-

105 2282 156 2313 σὶν
183 2283 340 2323 προθεῖναι
369 2281 450 2323 (sie)
478 2282 571 2310 1173.
601 2279 749 2316 ναίουσιν,

106 2327 201 2356 1180.
230 2327 361 2360 ὤλεσεν,
389 2328 487 2353 metio
515 2328 652 2360 nocent,
681 2323 749 2353 sine

106 2368 296 2398 necessitate
308 2366 435 2397 additur
449 2364 586 2406 πύλῃσιν
597 2346 669 2395 101.
680 2366 750 2405 παρ’

107 2409 186 2441 οἷσιν
201 2413 276 2442 435.
289 2409 433 2451 πάροιθεν
448 2398 542 2438 1461.
587 2407 649 2436 Sed
671 2408 751 2438 illud

107 2453 261 2492 imprimis
274 2452 460 2485 notandum,
484 2448 655 2480 editionem
677 2450 751 2481 Flo-

106 2496 263 2527 rentinam
279 2506 319 2525 sa
323 2505 363 2535 pe
378 2495 411 2525 in
427 2493 489 2522 fine
503 2496 575 2522 vers
569 2502 624 2527 115,
638 2492 692 2522 ubi
703 2503 750 2523 se-

108 2548 209 2587 quens
225 2548 334 2569 versus
356 2547 374 2567 a
398 2534 536 2575 simplici
559 2540 752 2566 consonante

109 2580 160 2611 inc
145 2581 236 2622 1Ρ11,
251 2585 279 2612 N
295 2580 422 2613 addere.
445 2583 480 2608 ut
503 2577 626 2618 syllaba
644 2577 754 2609 ultima

110 2623 205 2665 longa
226 2624 349 2656 evadat.
392 2622 499 2663 Atque
524 2621 583 2652 hoc
602 2621 727 2652 semel
719 2631 753 2653 111

784 1040 904 1070 Medea
916 1040 1098 1070 observasse
1107 1039 1248 1076 memini,
1266 1041 1360 1071 1205.
1372 1042 1427 1071 ubi

784 1082 951 1114 ἀπώλεσεν
966 1083 1059 1113 Lasc.
1076 1082 1240 1123 (ἀπώλεσε
1255 1082 1348 1124 Ald.)
1367 1094 1426 1113 sae-

783 1127 855 1166 pius
879 1126 911 1155 in
935 1125 1122 1167 Hippolyto,
1138 1135 1182 1155 sc.
1197 1127 1249 1155 28.
1267 1128 1339 1156 116.
1353 1129 1428 1157 451.

783 1171 858 1200 469.
880 1170 954 1199 628.
976 1170 1071 1198 1233.
1094 1170 1187 1198 1279.
1213 1170 1428 1203 1325.,1418.

782 1211 816 1241 in
832 1212 946 1251 quibus
961 1211 1047 1241 solus
1062 1210 1181 1240 incedit
1196 1210 1349 1241 Lascaris.
1371 1212 1426 1241 Se—

783 1255 856 1289 mel,
879 1254 933 1284 ubi
957 1254 1012 1284 ille
1038 1253 1132 1283 habet
1159 1252 1282 1294 ᾕνεσεν,
1307 1254 1430 1284 accedit

784 1296 888 1326 Aldus
905 1299 1000 1328 1334.
1034 1296 1118 1326 Hinc
1140 1301 1241 1336 patet,
1265 1296 1428 1327 Gramma-

783 1340 893 1374 ticum,
909 1350 926 1369 e
944 1340 1032 1381 cujus
1047 1339 1232 1369 recensione
1246 1339 1430 1377 prodierunt

785 1382 987 1423 exemplaria,
1018 1392 1152 1423 quorum
1181 1381 1284 1411 simile
1318 1388 1429 1412 nactus

786 1431 835 1456 est
848 1426 882 1455 in
898 1424 1077 1466 Hippolyto
1092 1424 1248 1460 Lascaris,
1270 1425 1303 1454 in
1328 1435 1364 1454 ea
1380 1425 1429 1455 fu-

785 1469 849 1498 isse
865 1468 1032 1503 sententia,
1056 1472 1092 1497 ut
1115 1468 1209 1507 longa
1229 1467 1351 1508 syllaba
1365 1478 1431 1498 ver-

786 1521 855 1540 sum
879 1521 1004 1551 semper
1025 1509 1199 1540 finiendum
1225 1510 1376 1545 crederet,
1404 1511 1432 1540 si

786 1553 878 1583 modo
900 1554 958 1583 hoc
981 1552 1106 1583 diversa
1127 1552 1287 1583 scribendi
1311 1553 1430 1585 ratione

787 1596 918 1627 confieri
932 1600 1047 1636 posset.
1093 1594 1278 1635 Aliquando
1292 1595 1387 1625 etiam
1399 1595 1430 1625 in

788 1639 849 1668 fine
865 1648 974 1668 versus
992 1638 1169 1667 Alcestidis
1185 1642 1239 1667 aut
1254 1637 1429 1668 Androma-

788 1682 863 1712 ches
889 1686 916 1712 N
940 1680 1063 1711 addidit
1085 1680 1236 1715 Lasearis,
1252 1690 1432 1721 quanquam

787 1724 843 1759 ibi,
859 1729 895 1754 ut
905 1726 938 1754 in
955 1724 1084 1758 Medea,
1097 1733 1204 1763 parum
1217 1724 1276 1753 sibi
1285 1728 1410 1753 constat
1423 1734 1431 1759 ·,

789 1768 845 1797 sed
861 1767 893 1796 in
908 1767 1088 1807 Hippolyto
1103 1776 1166 1796 una
1188 1771 1308 1796 tantum
1332 1776 1432 1806 eaque

789 1809 868 1839 levis
884 1810 1020 1840 occurrit
1029 1810 1173 1849 exceptio
1187 1811 1279 1840 1027.
1294 1807 1433 1849 διέφθυρε

789 1854 927 1889 Θνητῶν,
956 1852 1009 1882 ubi
1036 1856 1065 1882 N
1095 1852 1183 1881 addit
1211 1861 1247 1881 ex
1275 1851 1436 1882 codicibus

790 1895 1051 1931 Valckenaerius,
1081 1893 1210 1934 (1014.)
1236 1895 1432 1934 eandemque

789 1939 828 1968 ob
840 1948 976 1973 causam,
986 1943 1022 1968 ut
1033 1937 1185 1977 suspicor,
1196 1937 1272 1967 licet
1282 1937 1358 1966 nihil
1369 1947 1436 1968 mo—

791 1982 906 2017 nuerit,
918 1982 971 2011 28.
984 1983 1058 2011 451.
1071 1979 1288 2020 (446.)1334.
1305 1980 1436 2021 (1319.)

790 2024 876 2053 idem
905 2023 990 2053 fecit.
1036 2022 1118 2052 Nam
1148 2022 1304 2052 Phoeniss.
1341 2025 1436 2053 1181.

789 2066 918 2105 (1190.)
929 2065 1106 2104 ἐκόμπασεν
1113 2064 1202 2095 dedit
1211 2075 1226 2095 e
1236 2065 1315 2095 Mss.
1327 2065 1437 2095 Leidd.

792 2109 950 2149 Equidem
963 2109 1031 2148 ipse
1048 2113 1075 2140 N
1091 2109 1238 2138 addendo
1265 2108 1368 2137 hiatus
1390 2109 1436 2138 vi-

792 2158 858 2181 tare
874 2154 1052 2187 contentus,
1068 2152 1179 2181 breves
1195 2151 1332 2192 syllabas
1344 2151 1375 2180 in
1391 2156 1436 2180 ta·

793 2194 874 2224 libus
897 2194 976 2224 locis
1001 2194 1145 2231 servavi3
1166 2204 1277 2224 verum
1307 2193 1333 2223 si
1364 2193 1436 2233 quis

793 2247 918 2277 semper
932 2237 1042 2277 longas
1053 2236 1211 2277 praeferet‚
1228 2236 1342 2276 (debet
1352 2237 1437 2266 enim

793 2285 846 2309 aut
869 2289 996 2319 semper
1017 2284 1072 2309 aut
1090 2279 1269 2319 nunquam)
1294 2288 1356 2308 non
1373 2279 1439 2309 cul-

794 2322 888 2362 pabo.
931 2322 1028 2353 Porro
1052 2320 1085 2350 id
1111 2321 1212 2351 obiter
1235 2321 1439 2356 monendum,

796 2364 927 2399 Aldum,
951 2364 1006 2404 qui
1019 2373 1087 2394 raro
1101 2363 1135 2394 in
1152 2363 1284 2394 Hecuba
1296 2368 1328 2393 et
1343 2363 1437 2394 Ores-

794 2412 839 2442 te,
864 2416 1024 2446 nunquam
1047 2406 1081 2436 in
1106 2405 1277 2436 Phoenissis
1300 2410 1327 2437 N
1346 2406 1439 2437 finale

796 2454 869 2480 ante
899 2453 1122 2479 consonantem
1152 2452 1281 2488 propter
1306 2454 1437 2479 metrum

795 2491 962 2527 addiden't,
978 2491 1012 2521 in
1027 2490 1147 2521 Medea
1158 2495 1189 2521 et
1204 2490 1355 2532 deinceps
1369 2491 1436 2531 ple·
1480 2524 1483 2525 ⁷

795 2544 926 2575 rumque
942 2533 1068 2564 addere.

839 2581 892 2609 77.
913 2575 1120 2616 προσείσομεν
1133 2575 1169 2606 L.
