1606 2803
294 51 709 83 SUPPLEMENTUM
744 52 812 82 AD
847 51 1238 83 PRAEFA'rroNEM.
1342 41 1442 84 xliii

100 156 380 211 principibus
403 157 689 206 editionibus,
726 157 806 196 Οὐκ
826 174 874 197 αν
893 155 1022 228 γένοιθ’
1045 155 1148 205 οὗτος
1169 158 1315 211 εὐγενὴς
1335 159 1441 214 ἀνὴρ,

98 215 208 256 alter
241 215 444 265 (Kusteri
477 215 657 256 Scilicet
688 214 781 255 ΜΞ.
814 216 892 267 Α)
926 213 1058 264 Ουπως
1092 214 1228 270 γένοιτ’
1258 213 1304 255 ἀν
1340 223 1442 263 οὑτος

101 273 245 328 εὐγενὴς
265 272 369 329 ἰωῆς.
430 272 517 314 Sed
540 286 639 313 cum
659 284 717 312 ex
744 272 1001 326 Augustano
1031 274 1189 315 codice
1222 273 1444 315 Herman-

97 344 181 371 nus
206 330 340 372 Przaet
363 330 418 371 ad
441 331 560 371 Hec.
581 344 625 384 p.
648 330 719 371 65.
744 332 992 384 protulerit,
1032 333 1114 371 Οὐκ
1147 329 1193 371 ἂν
1226 329 1360 387 γένοιτ’
1396 330 1440 371 ἕθ

99 387 217 455 οὗτρς,
240 388 374 439 (1111110
397 388 642 442 depravata
662 388 801 429 videri
824 391 972 443 possit
995 389 1095 431 edd
1120 389 1247 431 Med.
1268 388 1376 431 Ald.
1398 396 1444 431 et

98 447 229 488 unius
253 446 340 487 ΜΞ.
365 445 468 487 Par.
490 446 640 497 lectio)
670 460 755 487 non
788 447 999 500 equidem
1030 448 1318 497 intercedam,
1351 461 1443 502 quo

98 505 244 545 minus
275 505 359 545 hoc
389 504 588 558 adoptes.
652 504 728 545 Sic
752 505 794 545 in
817 505 1035 560 AEschylo
1057 506 1220 560 Suppl.
1243 505 1344 547 800.
1366 519 1443 547 ve-

97 567 239 604 terum
271 562 517 603 editionum
548 562 784 603 lectionem
816 562 1012 605 indicare
1044 568 1296 614 contentus,
1329 563 1443 605 nihil

98 620 214 661 ultra
241 621 507 674 quaerebam.
539 620 643 673 [lix]
705 620 827 661 Male
849 622 1083 675 repetitam
1106 622 1278 676 alioqui
1299 622 1442 676 parti·

99 677 248 720 culam
265 677 300 717 ὃὲ
322 678 413 718 fore
437 678 511 732 qui
535 678 779 731 culparent,
799 679 1047 732 praevidere
1071 686 1290 733 poteram,
1310 679 1391 721 sed
1413 693 1441 721 a

99 736 333 791 proposito
366 735 536 789 digredi
567 736 788 776 nolebam.
850 736 937 778 Illa
968 738 1003 777 δὲ
1041 737 1324 779 adversativa
1357 743 1440 789 est,

100 793 289 835 et-idem
319 793 409 834 fere
432 794 553 833 valet
575 793 689 847 quod
712 793 833 834 ἀλλά.
895 795 1063 836 Sensus
1099 801 1184 846 est,
1224 798 1235 816 ‘
1252 795 1440 837 Utinam

99 850 204 892 mihi
226 850 356 891 sedes
377 860 498 892 esset
528 852 570 891 in
605 851 781 900 aethere,
819 851 896 892 sed
931 853 1063 894 sedes
1094 853 1331 908 ejusmodi,
1361 854 1440 895 ubi

99 910 240 949 nubes
262 921 447 962 aquosae
470 909 514 948 in
535 909 681 949 nivem
704 909 965 951 vertuntur?
996 924 1156 965 nempe
1177 924 1234 952 ne
1257 911 1439 953 deorum

100 967 239 1007 vitam
263 971 421 1020 optare
444 967 680 1017 videretur,
702 967 769 1007 his
784 967 933 1008 verbis
951 967 1120 1010 Chorus
1137 974 1291 1010 votum
1308 982 1437 1010 suum
1486 966 1493 973 “

99 1028 327 1100 temperat.
388 1024 437 1064 Si
469 1029 616 1065 tamen
651 1025 871 1078 particula
904 1026 1082 1067 omnino
1116 1027 1337 1081 ejicienda
1367 1041 1438 1068 es-

100 1084 203 1132 set,ss
226 1094 379 1122 versus
400 1083 460 1123 ita
480 1082 641 1135 corrigi
662 1082 856 1133 deberet,
887 1083 1015 1137 Προς
1009 1081 1044 1123 ὂν
1061 1101 1160 1140 χιων
1181 1082 1321 1141 ὑδρηλοὶ
1341 1085 1436 1139 γίγ-

97 1155 196 1180 νεται
218 1137 316 1192 νέφη.

160 1198 277 1238 Haec
300 1198 446 1246 habui,
469 1197 772 1238 adolescentes
795 1198 966 1251 optimi,
991 1213 1093 1253 quae
1115 1199 1168 1240 de
1190 1201 1437 1242 communi-

100 1256 184 1296 bus
214 1259 450 1295 metrorum
480 1256 717 1308 generibus
738 1256 973 1297 traderem.
1036 1258 1103 1299 Ea
1125 1258 1163 1298 si
1185 1257 1289 1311 quid
1309 1258 1437 1300 vobis

99 1314 270 1353 fructus
293 1318 370 1353 aut
397 1313 642 1366 voluptatis
674 1313 873 1364 afferent,
907 1328 991 1362 me,
1023 1322 1239 1368 quantum
1269 1316 1436 1357 laboris

99 1370 391 1419 insumserim,
413 1384 498 1410 non
521 1371 765 1424 poenitebit.

142 1482 377 1523 Ejiciendam
399 1494 465 1513 esse
489 1494 613 1519 censeo,
637 1486 756 1526 quippe
779 1491 883 1515 natam
900 1496 916 1515 e
931 1485 1019 1515 litera
1033 1487 1188 1517 numerali
1202 1497 1361 1528 perperam
1384 1490 1433 1520 in

104 1527 252 1557 tellecta:
281 1538 353 1557 vero
347 1527 454 1556 ›enim
470 1529 631 1557 verborum
648 1528 757 1558 mdine
776 1529 918 1559 restituta»
913 1529 1014 1568 νέφη
1030 1537 1171 1570 quartum
1186 1531 1290 1561 Iocum
1303 1532 1436 1564 obtinet

102 1570 305 1610 Temperati(
323 1571 400 1600 illa
399 1571 453 1600 ’011
469 1571 498 1600 in
515 1572 571 1601 tali
586 1571 699 1603 zssxfltctu
715 1573 789 1602 mihi
806 1571 934 1605 undem
951 1574 1180 1614 aliquantulum
1195 1574 1270 1605 mila
1293 1576 1436 1617 adeoque

99 1614 207 1655 inepta
221 1613 355 1644 videtur.
382 1614 424 1644 G.
442 1614 488 1645 H.
507 1614 560 1657 S]
