1575 2803
592 45 911 95 EKABH.

335 171 403 191 ’el

374 198 478 226 offam

132 172 281 246 (Τυχὼν
310 174 334 226 ὂ

1330 46 1402 100 47

506 173 581 235 δεῖ,
609 174 689 225 καὶ
712 171 876 238 λαβὼν
905 172 1162 244 πξομηθιάν,

135 247 154 266 ’s
377 248 390 264 l
590 249 598 263 ἱ
670 252 678 265 7
843 252 865 262 Ν
910 248 920 262 ¹)
1007 246 1021 262 Ι

136 273 308 310 ezr-eave,
336 249 521 319 τνμβου
558 249 613 311 ὃ,
643 273 677 301 ει
705 271 879 300 κτανειν
909 248 1142 310 εβονλετο,

58 383 190 415 tatione.
223 383 307 423 ξένια
329 382 467 423 conjecit
500 383 711 422 MusgraviuS,

58 429 144 468 quod
161 427 307 468 frigidum
320 431 352 457 et
366 426 530 456 obscurum
545 431 604 455 est.
635 426 712 455 Dis-

61 471 256 505 tinctionem,
282 475 354 511 post
380 468 446 506 ἐμοὶ
462 469 627 503 sublatam,
643 474 715 510 post

58 513 160 553 ξενίας
176 514 299 554 reponit
314 513 462 545 Beckius.
474 523 534 553 quo
550 512 626 553 quid
643 523 712 552 pro-

62 559 183 587 ficiatur
199 557 316 587 nescio.
365 556 504 586 Omnino
520 562 591 596 post
606 556 714 595 τυχὼν

63 601 148 630 aliud
170 600 381 640 participium,
405 599 491 640 quod
506 602 569 628 duo
585 608 713 629 senteu-

64 645 115 674 tiae
151 648 289 673 membra
323 649 503 678 connectat,
541 642 713 683 requiritur.

62 688 112 717 Ac
138 693 259 725 poteras
287 686 413 727 quidem
444 687 556 726 legere,
587 684 670 725 ξένιά
685 686 714 716 τ’

63 730 196 770 ἀριθμῶν
210 732 350 761 πλεῖστα
362 732 426 760 τῶν
439 730 518 768 ἐμῶν
531 729 642 769 φίλων,
654 729 715 759 nisi

62 776 122 805 hoc
139 785 157 803 a
172 777 298 814 vulgata
314 774 405 803 nimis
420 775 590 804 recederet.
629 772 717 802 Dedi

61 817 157 856 igitur
184 819 305 857 πρῶτος
333 817 375 847 ὢν
410 827 466 857 pro
495 818 604 857 πρῶτα
641 818 715 847 τῶν.

66 859 148 891 Cum
176 862 271 891 semel
293 861 445 901 scriptum
472 866 566 896 esset,
595 862 716 900 πρῶτος

65 905 108 935 ὢν
122 905 185 935 τῶν
199 905 279 942 ἐμῶν
291 903 477 944 φίλων,3,ῡῐ,
490 903 578 934 litera
595 909 714 933 tantum

65 958 128 978 una
148 948 268 983 addita,
293 950 413 987 πρῶτος
433 949 494 977 τῶν
513 948 538 978 ἐ.
554 953 588 987 φ.
605 947 717 987 aliquis

64 992 156 1022 metri
168 992 325 1022 studiosus
340 992 497 1030 vulgatam
514 990 589 1022 inde
605 991 716 1022 lectio-

65 1045 136 1065 nem
150 1035 280 1065 effinxit.
325 1034 428 1065 Simili
458 1035 571 1064 mendo
597 1035 717 1064 Aristo-

67 1079 180 1118 phanis
193 1079 298 1109 locum
313 1078 411 1118 Vesp.
427 1080 523 1110 1249.
538 1078 717 1109 Brunckius

65 1122 302 1152 contaminavit.
348 1120 469 1162 Saepius
480 1121 589 1159 ἱππικὴ
602 1130 634 1152 et
644 1134 718 1160 μου-

67 1165 139 1203 σικὴ
169 1166 237 1196 Sine
266 1165 397 1196 articulo
426 1165 576 1195 adhibent
606 1165 718 1196 Attici.

67 1209 168 1240 Recte
184 1210 278 1250 igitur
289 1209 433 1249 legimuS,
447 1208 645 1248 Ἐτύγχανεν
658 1208 719 1249 γὰρ

66 1253 102 1283 οὐ
116 1252 232 1293 τρίβων
246 1252 288 1283 ὢν
303 1253 441 1289 ἱππικῆς,
457 1257 492 1282 ut
515 1258 547 1282 et
562 1253 672 1283 Suidas
688 1263 718 1284 ν.

65 1295 192 1336 τρίβων.
223 1296 295 1327 Hoc
312 1301 417 1326 autem
433 1296 612 1326 Brunckius
627 1297 717 1336 igno-

66 1350 149 1376 rans,
166 1339 377 1380 participium,
403 1340 488 1379 quod
519 1344 585 1370 erat
608 1350 719 1370 neces-

65 1383 194 1418 sarium,
224 1383 342 1423 ejecit3
366 1382 542 1421 articulum,
574 1383 628 1422 qui
656 1394 720 1413 non

66 1432 132 1457 erat
146 1427 348 1462 necessarius,
359 1426 499 1456 inseruit.
522 1425 721 1466 Ἐτύγχανεν

68 1469 130 1510 γὰρ
145 1470 181 1501 οὐ
194 1469 310 1511 τρίβων
335 1470 393 1507 τῆς
418 1470 555 1506 ἱππικῆς.
601 1471 633 1500 Si
650 1470 721 1511 quis

69 1513 206 1555 objiciat,
223 1524 286 1544 non
298 1511 462 1543 verisimile
480 1512 591 1548 videri,
611 1514 720 1544 iectio-

70 1567 123 1587 nes
153 1557 264 1588 leviter
297 1563 469 1597 corruptas,
505 1559 626 1596 πρῶτος
657 1559 721 1588 τῶν

70 1602 152 1640 ἐμῶν
164 1600 276 1641 φίλων,
293 1602 415 1640 πρῶτος
437 1600 479 1631 ὢν
492 1603 556 1631 τῶν
573 1602 654 1639 ἐμῶν
668 1600 719 1641 φί-

70 1650 146 1679 λων,
184 1645 311 1674 ulterius
347 1645 587 1684 depravatumm
622 1655 720 1685 quen-

70 1698 176 1728 quam,
192 1699 262 1718 cum
279 1694 342 1718 tam
358 1688 523 1729 expeditus
544 1689 583 1717 ad
607 1689 731 1719 rectam-

72 1732 152 1761 viam
166 1733 283 1761 reditus
294 1736 426 1772 pateret,
437 1731 462 1760 is
472 1731 583 1767 nescit,
595 1735 616 1748 “
627 1742 723 1772 quam

70 1775 201 1815 proclivi
218 1775 307 1815 lapsu
323 1785 415 1805 voces
436 1775 529 1804 etiam
552 1775 722 1805 notissima)

72 1829 298 1859 nonnunquam
313 1818 345 1848 in
360 1819 499 1849 maculas
520 1817 722 1859 degenerent,

72 1862 186 1901 quibus
200 1862 345 1892 eluendis
361 1861 521 1891 hominum
540 1862 588 1891 vel
609 1863 724 1892 acutis-

72 1904 724 1946 simorumingeniafrustradefatigentur.''

78 1948 186 1979 Verbis
217 1955 285 1979 utor
309 1948 537 1979 Hemsterhusii
559 1949 597 1978 ad
626 1948 723 1981 Arist.

74 1992 160 2028 Plut.
179 2003 209 2032 ρ.
236 1996 309 2024 349.
326 2002 394 2033 quae
412 2003 472 2022 uno
489 1997 543 2022 aut
558 1992 655 2022 altero
670 2002 724 2022 ex-

74 2036 178 2075 emplo
207 2035 284 2066 libet
307 2036 500 2066 confirmare.
547 2034 584 2064 In
603 2036 724 2066 Cratini

75 2078 369 2121 Dionysaiexandro
396 2080 477 2119 apud
497 2078 639 2108 Macrob.
657 2078 722 2110 Sat.

73 2133 102 2151 v.
118 2125 171 2153 21.
189 2133 311 2153 versum
330 2122 420 2152 addit
434 2132 471 2152 ex
485 2122 550 2152 Ms.
566 2122 725 2152 Thuanaeo

73 2165 210 2203 Jacobus
241 2166 435 2196 Gronovius:
472 2164 597 2202 Στολὴν
626 2164 658 2196 δὲ
689 2166 725 2203 δὴ

73 2207 133 2239 τίν’
164 2208 232 2249 εἶχε
261 2210 344 2240 τοῦδ’
382 2206 546 2249 ὁμόχρουν.
591 2208 641 2239 Sic
672 2208 725 2239 ille

75 2252 164 2282 dedit
191 2264 229 2283 ex
260 2253 356 2293 patris
379 2252 567 2293 conjectura,
597 2252 726 2291 margini

73 2296 232 2336 adscripta
243 2296 374 2331 scilicet,
389 2306 451 2325 nnn
464 2296 560 2330 edita,
573 2305 642 2325 cum
659 2295 725 2326 Ms-

76 2338 203 2369 haberet
216 2341 598 2371 ΤΟὙΔΟΜΟῙΦΡΑΣΟΝ.
642 2338 725 2368 'l'an-

77 2382 175 2412 tulum
193 2385 341 2413 mendum
359 2381 452 2423 hujus
468 2383 530 2412 loci
540 2392 643 2411 veram
661 2381 725 2412 lec·

76 2425 196 2456 tionem
225 2425 373 2456 abolevit.
419 2426 515 2465 Lege,
545 2423 643 2455 τοῦτό
673 2437 726 2464 μοι

76 2467 209 2508 φράσον.
254 2470 364 2499 Exstat
382 2469 579 2499 luculentum
594 2467 727 2499 Pindari

77 2512 117 2543 de
129 2512 212 2543 Deio
223 2512 432 2551 fragmentum
444 2512 526 2552 apud
541 2511 728 2542 Strabonem

79 2565 109 2586 x.
128 2566 158 2596 p.
174 2558 250 2587 743.
265 2555 306 2587 A.
334 2556 428 2597 (485.
452 2554 510 2595 Β.)
537 2554 629 2596 cujus
659 2565 728 2594 par-

79 2604 141 2633 tem
165 2600 317 2631 duntaxat
347 2597 566 2630 transcribam:
601 2598 692 2630 Ἀλλ’
709 2597 729 2630 ἁ

756 381 927 420 Κοιογενὴς
943 381 1033 411 ὁπότ’
1045 381 1190 413 ὠδίνεσσι
1206 383 1289 413 θοαῖς
1311 381 1408 423 ἀγχι-

754 423 857 455 τόκοις
889 423 989 459 ἐπέβα
1010 436 1068 462 νιν,
1094 425 1130 461 δὴ
1155 424 1229 456 τότε
1253 425 1407 466 τέσσαρες

756 466 840 507 ὀρθαὶ
870 467 1012 508 πρέμνων
1040 468 1227 508 ἆπώρουσαν
1262 471 1408 509 χθονίων,

757 511 795 541 ἂν
811 512 835 541 δ’
852 510 1026 551 ἐπικράνοις
1047 511 1165 551 σχέθον
1190 511 1307 553 πέτραν
1335 514 1409 544 ἀδα-

755 554 978 593 μαντοπέδιλοι
999 555 1112 591 κίονες,
1136 555 1208 586 ἔνθα
1227 557 1343 588 'renota'
1361 558 1410 587 εὐ-

757 598 873 636 δαίμον’
891 598 1030 638 ἐπόψατο
1044 597 1170 638 γένναν.
1207 599 1308 641 Vulgo
1322 600 1410 632 ἀλλὰ

758 641 808 672 καὶ
834 643 850 672 ὁ
873 640 977 681 γένος,
1007 643 1092 672 unde
1123 643 1202 672 bene
1229 644 1409 679 Barnesius,

759 684 853 716 Κοίου
866 685 972 725 γένος,
995 687 1047 715 sed
1068 687 1174 726 paullo
1199 687 1308 717 melius
1325 699 1341 717 e·
1358 699 1411 717 co·-

758 728 828 759 dice
844 729 1004 759 Strabonis
1026 730 1133 770 Mosq.
1159 731 1211 769 qui
1228 731 1411 770 καινογενὴς

759 773 863 809 habet,
881 773 1052 811 Κοιογενὴς
1082 773 1200 804 elicias.
1253 773 1315 804 Pro
1341 774 1411 806 ὀδύ-

759 827 841 846 ναισι
879 815 973 847 θείαις
1011 817 1117 857 Mosq.
1155 816 1276 848 ὧδίνεσι
1316 820 1410 850 θοοῖς.

760 859 887 889 Deinde
904 858 1099 899 ἆγχιτόκοις,
1115 862 1199 900 quod
1216 861 1334 892 excidit
1345 862 1414 892 edi-

759 902 895 933 tionibus
927 903 1093 944 plerisque,
1125 905 1243 934 habent
1271 904 1348 936 Ald.
1381 911 1413 936 et

758 946 824 978 Ms.
870 947 948 977 Mox
975 946 1145 983 ἐπιβαίνειν
1159 947 1232 978 edd.
1249 947 1414 984 ἐπέβαινεν

759 989 824 1021 Ms.
864 990 977 1020 Statim
992 990 1136 1031 πρύμνων
1161 992 1313 1022 mendose
1329 992 1412 1024 Mss.

760 1033 816 1062 sed
831 1035 956 1074 egregie
973 1034 1080 1075 Mosq.
1103 1035 1141 1065 ἂν
1169 1036 1193 1065 δ’
1215 1034 1264 1065 ἐπὶ
1292 1033 1413 1075 κράνοις

761 1077 880 1117 σχέθον
894 1076 1022 1117 πέτραν,
1041 1078 1067 1107 si
1082 1079 1183 1108 levem
1201 1079 1413 1110 distinctionis

760 1130 892 1151 errorem
906 1122 1009 1151 tolles.
1040 1121 1169 1152 Edituui
1186 1127 1246 1158 est,
1264 1121 1302 1153 ἂν
1318 1122 1343 1153 δ’
1361 1123 1412 1154 ἐπὶ

761 1165 884 1206 κραναῇ
900 1164 1018 1204 σχεδὸν
1033 1163 1141 1206 πέτρᾳ.
1176 1165 1278 1196 Recte
1295 1165 1414 1206 σχέθον

761 1208 896 1249 conjecit
912 1209 1126 1244 Camubonus,
1148 1215 1254 1239 cetera
1279 1219 1343 1239 non
1367 1216 1413 1241 te-

761 1251 842 1291 tigit.
889 1252 998 1288 Verte,
1024 1258 1031 1270 ⁴
1049 1261 1223 1282 COLUMNAE
1247 1263 1321 1283 vero
1348 1253 1415 1284 basi

761 1296 963 1325 adamantina
976 1296 1090 1326 innixae
1104 1307 1212 1336 rupem
1230 1307 1414 1327 CAPrrULls

761 1338 959 1369 sustinuere)
1007 1339 1125 1369 Eodem
1155 1350 1247 1369 sensu
1277 1351 1335 1369 vox
1362 1351 1415 1372 oc-

762 1383 856 1412 currit
867 1382 936 1422 Iph.
952 1382 990 1412 Τ.
1004 1386 1057 1414 51.
1077 1382 1260 1413 Eustathius
1270 1382 1311 1415 ad
1321 1382 1417 1417 Iliad.

762 1429 800 1455 H.
818 1436 849 1466 p.
868 1429 942 1456 700.
958 1428 998 1456 64
1012 1440 1053 1452 =
1069 1429 1143 1457 582.
1159 1429 1212 1457 44.
1239 1426 1415 1467 ἐπίκρανον,

763 1467 839 1508 ὅπερ
855 1468 922 1500 ἐστὶ
939 1469 1064 1508 κεφαλὴ
1080 1468 1192 1500 κίονος.
1241 1470 1372 1501 Cratino
1385 1477 1418 1502 et

763 1511 901 1543 Pindaro
912 1512 1064 1542 addamus
1076 1513 1314 1553 Aristophanem
1329 1513 1415 1546 Ran.

763 1558 860 1587 1076.
907 1556 979 1587 Οὐδ’
1012 1555 1069 1587 οἶδ’
1095 1555 1138 1588 εἷς
1167 1556 1262 1593 ἥντιν’
1296 1558 1416 1597 ἐρῶσαν

763 1599 883 1630 πώποτ’
910 1599 1043 1636 ἐποίησα
1072 1601 1218 1638 γυναῖκα.
1264 1600 1317 1631 Sic
1346 1612 1417 1632 cum

764 1644 859 1672 semel
885 1649 1047 1684 corruptus
1071 1649 1155 1673 esset
1170 1644 1269 1679 locus,
1286 1645 1417 1676 medici-

764 1696 837 1716 nam
857 1686 960 1717 facere
985 1687 1089 1716 conati
1115 1692 1187 1717 sunt
1215 1687 1341 1723 librarii,
1365 1688 1420 1718 alii

765 1729 814 1765 ἂν,
831 1730 885 1760 alii
904 1730 965 1769 ἐγὼ
981 1730 1147 1760 addentes,
1194 1729 1267 1760 Non
1282 1732 1418 1771 vulgatae

765 1773 911 1803 lectionis
927 1784 1045 1804 errores
1062 1773 1227 1804 ambitiose
1242 1777 1418 1811 ostendam,

765 1827 868 1857 neque
885 1817 1055 1847 Invernizii
1077 1818 1212 1858 ineptias
1229 1818 1395 1858 exagitabo
1410 1830 1418 1856 ;

767 1861 877 1890 melius
887 1860 957 1897 erit,
972 1861 1066 1891 verbo
1083 1870 1217 1897 monere,
1234 1871 1340 1892 veram
1355 1861 1419 1893 lec-

768 1904 884 1933 tionem
901 1914 919 1933 a
943 1904 1054 1934 codice
1080 1903 1269 1934 Ravennate
1285 1905 1419 1935 servari:

769 1947 841 1977 Οὐδ’
858 1945 914 1978 οἶδ’
936 1946 1035 1978 οὐδεὶς
1049 1947 1148 1984 ἥντιν’
1166 1948 1285 1986 ἐρῶσαν
1299 1948 1418 1980 vrdmor’

769 1989 902 2028 ἐποίησα
922 1992 1066 2029 γυναῖκα.
1126 1990 1226 2021 Vides
1254 1991 1315 2022 tria
1340 1992 1420 2033 loca,

769 2044 838 2074 quae
868 2035 900 2064 in
924 2034 1115 2064 editionibus
1132 2039 1276 2074 corrupta
1291 2035 1420 2076 quidem

769 2082 868 2112 erant,
896 2076 952 2106 sed
976 2082 1040 2107 tam
1064 2078 1176 2107 leviter
1199 2085 1355 2119 corrupta,
1387 2084 1422 2110 ut

769 2121 847 2150 nihil
873 2121 1042 2150 emendatu
1068 2121 1192 2161 planius
1216 2131 1352 2162 unquam
1367 2127 1422 2152 aut

769 2163 893 2194 facilius
910 2164 1014 2194 fuerit.
1035 2164 1090 2198 At,
1108 2164 1204 2199 dices,
1219 2165 1421 2206 participium

770 2206 812 2238 ὢν
841 2207 1001 2236 subaudiri
1029 2212 1145 2247 potest.
1190 2207 1273 2237 Sane
1297 2214 1422 2249 potest3

770 2256 805 2280 ut
818 2249 948 2290 Hippoi.
965 2252 1041 2281 234.
1059 2256 1090 2280 et
1105 2250 1200 2289 alibi3
1223 2251 1277 2280 sed
1290 2262 1353 2282 non
1369 2252 1423 2282 ubi

771 2293 834 2323 duo
860 2292 997 2323 membra
1027 2294 1190 2323 sententiae
1217 2294 1273 2333 ita,
1300 2299 1336 2325 ut
1360 2294 1423 2332 hic,

771 2336 1015 2377 conjunguntur.
1062 2336 1216 2377 Exempla
1245 2347 1309 2367 rem
1333 2347 1423 2379 aper-

770 2385 833 2410 tam
851 2380 978 2410 facient.
1002 2378 1162 2419 Aristoph.
1180 2380 1352 2411 Plut.751.
1385 2381 1425 2412 Οἱ

771 2423 832 2463 γὰρ
858 2422 968 2453 δίκαιοι
991 2420 1143 2463 πρότερον
1167 2421 1255 2454 ὄντες
1277 2422 1327 2454 καὶ
1351 2423 1424 2460 βίον

764 2466 920 2506 ’Ἔχοντες
951 2464 1063 2503 ὀλίγον
1098 2465 1193 2497 αὐτὸν
1230 2464 1422 2505 ἠσπάζοντο.

773 2510 873 2550 Vesp.
889 2512 965 2539 505.
995 2507 1098 2539 αἰτίαν
1124 2507 1188 2548 ἔχω
1210 2510 1316 2540 Ταῦτα
1336 2511 1422 2552 δρᾷν,

773 2551 948 2593 ξυνωμότης
963 2551 1014 2592 ὢν,
1031 2551 1082 2582 καὶ
1105 2554 1225 2591 φρονῶν
1247 2553 1425 2593 τυραννικά.

774 2598 850 2628 Pac.
866 2599 942 2627 633.
972 2595 1063 2627 Ἀλλ’
1087 2593 1134 2627 ἅτ’
1150 2595 1192 2626 ὣν
1214 2595 1287 2627 ἄνευ
1311 2596 1423 2638 γιγάρ-
