1566 2789
132 59 216 100 100

178 170 290 202 terum,
316 162 473 204 geminum
497 162 586 192 illum
608 167 640 192 et
663 161 785 192 similli-

173 218 272 243 mum,
289 208 343 237 sed
357 214 393 237 ut
407 205 575 247 oportebat
590 206 753 245 scriptum,
767 216 785 235 e

176 250 382 293 Cyropaedia,
399 250 479 279 libro
495 259 514 279 a
528 249 686 279 veteribus
701 249 785 279 mul-

173 299 206 324 to
222 295 322 335 magis
339 293 496 324 celebrato
511 297 545 323 et
560 292 643 323 lecto
657 293 667 322 ἓ
687 292 783 322 Vide-

174 337 261 375 licet,
285 336 345 367 nisi
360 346 408 366 me
425 336 529 366 omnia
544 335 668 370 fallunt,
689 334 782 365 libra-

173 381 237 411 rius
265 380 455 411 semidoctus
486 384 604 409 textum
643 379 781 419 Longini

171 433 293 459 sanum,
320 424 351 453 h.
364 433 393 454 e.
420 433 492 453 cum
515 422 650 463 genuina
671 421 779 452 Xeno-

171 467 298 507 phontis
344 466 497 506 scriptura
540 470 776 506 congruentem,

169 521 264 551 quem
276 520 295 540 a.
304 509 458 549 scriptura
465 514 609 549 corrupta
618 509 777 548 exempla-

169 554 213 583 ris
229 553 481 588 Hellenicorum‚
504 562 567 592 quo
580 552 649 592 ipse
666 551 776 581 uteba-

166 600 229 632 tur,
245 596 369 626 differre
382 595 523 631 vidisset,
538 606 608 625 cum
623 594 776 634 corrigere

167 639 229 669 sibi
250 639 419 675 videretur,
443 639 483 668 ad
507 638 590 668 illius
612 638 777 668 modulum

167 684 315 723 corrupit.
360 682 400 712 In
421 682 498 722 ipsis
520 686 623 712 autem
640 680 776 721 Longini

166 725 388 766 interpretibus
416 725 524 760 fuisse,
554 734 634 765 quos
658 724 774 754 vitiosa

164 768 220 799 illa
241 769 394 809 scriptura
409 768 488 798 male
504 768 644 803 haberet,
671 767 774 798 discas

165 822 204 842 ex
219 811 476 853 interpretatione
491 811 617 846 Latina,
630 820 699 850 quae
715 811 771 840 ad-

164 855 231 885 dita
254 861 302 885 est
319 854 455 885 editioni
471 854 676 884 Weiskianae.
721 853 772 884 Ibi

165 897 324 938 ἐμάχοντο
368 898 500 928 vertitur
543 896 770 927 ‘resistebant.'

164 942 290 982 Nempe
307 941 470 972 scribentis
488 940 622 970 infantia
635 940 771 971 velanda

163 990 232 1015 erat
246 985 360 1016 callida
374 984 644 1024 interpretatione.
667 983 769 1013 Deni-

162 1038 236 1068 que,
262 1027 348 1069 quod
376 1026 642 1057 animadversione
669 1027 766 1057 haud-

161 1081 317 1112 quaquam
342 1071 517 1112 indjgnum,
546 1070 580 1099 in
607 1070 768 1100 nonnullis

161 1115 307 1155 Agesilai
326 1114 412 1145 libris
437 1118 512 1153 post
528 1113 693 1143 articulum
709 1113 767 1144 τὰς

162 1158 257 1199 spatii
271 1157 372 1194 vacui,
387 1156 514 1188 omnino
527 1157 602 1187 satis
612 1157 689 1187 certi
700 1161 765 1188 tur-

582 66 752 105 INDEX
790 65 1030 99 LATINUS.

874 161 983 191 barum
1009 161 1060 192 hic
1088 160 1240 192 factarum
1267 161 1391 199 indicis,
1421 163 1479 194 ali-

872 210 990 245 quanto
1015 205 1086 245 plus
1111 205 1255 235 relictum
1285 205 1357 241 fuit,
1386 217 1479 247 quam

872 249 955 288 quod
972 249 1038 278 sola
1053 258 1129 278 voce
1145 248 1278 280 ἀσπίδας
1288 249 1480 288 expleretur.

871 291 911 321 In
925 291 1074 332 Dionysii
1087 291 1192 323 Halic.
1207 292 1284 322 Ant.
1296 291 1392 322 Rom.
1407 298 1429 323 t.
1442 294 1478 324 ii.

838 368 841 372 Α
871 345 903 375 p.
920 337 1014 366 1031.
1033 334 1076 364 R.
1088 335 1273 375 transposita
1285 336 1398 376 copula
1410 347 1479 368 cor·

868 378 927 418 rig.
942 376 1082 417 μάλιστα
1094 378 1120 409 δ’
1134 377 1245 410 αὐτοὺς
1258 377 1476 419 ἐξεθεράπευσε

867 420 918 452 διὰ
931 421 1076 458 τοιαύτης
1090 420 1271 461 εὐεργεσίας
1281 422 1332 453 καὶ
1346 424 1474 461 διαστῆ-

865 476 915 495 ναι
940 464 1016 504 πρὸς
1040 464 1112 495 τοὺς
1137 464 1294 504 ἡγεμόνας
1314 465 1473 503 ἐποίησεν.

867 508 983 539 Postea
996 509 1058 548 leg.
1068 508 1097 539 οἱ
1106 507 1167 548 ’γὰρ
1176 508 1236 545 τὴν
1247 508 1472 551 αὐτοκράτορα,

866 563 895 582 κ.
909 564 940 582 τ.
957 557 990 582 λ.
1014 553 1145 582 Sensum
1160 551 1220 582 loci
1230 551 1294 593 jam
1311 552 1472 594 Interpres

864 595 1009 635 pervidit,
1033 605 1126 635 quem
1143 594 1294 625 Reiskius
1310 596 1399 637 sequi
1414 597 1470 627 de-

864 638 968 668 bebat.
995 639 1037 669 G.
1051 638 1097 668 H.
1113 637 1166 678 S.]

820 679 983 712 Trochaici
1001 691 1104 711 versus
1119 680 1191 711 xvii.
1206 681 1277 711 xxxi

1119 808 1163 840 V.

817 896 972 927 Versuum
997 896 1187 936 tragicorum
1216 901 1249 926 et
1275 896 1462 927 comicorum

857 940 1021 971 discrimen
1037 940 1098 970 xiv.
1110 939 1194 969 xviii.
1209 939 1290 970 xxxii

815 982 989 1023 Vestigium
1008 986 1091 1013 1042

813 1026 964 1067 Virgines
975 1026 1057 1065 apud
1073 1030 1197 1057 veteres
1213 1025 1380 1067 plurimum
1393 1028 1459 1057 auri

854 1071 1018 1109 gestabant
1033 1072 1095 1100 150

811 1113 941 1144 vocalis
957 1113 1050 1153 longa
1064 1118 1137 1142 ante
1155 1112 1297 1144 vocalem
1318 1117 1460 1154 correpta

855 1156 889 1186 in
903 1156 1101 1198 anapaesticis
1116 1156 1158 1186 xli

603 1693 674 1725 FlN
682 1692 720 1724 IS
748 1692 959 1725 HECUBAE.
