1606 2803
295 132 706 164 SUPPLEMENTUM
741 133 809 163 AD
843 133 1230 168 PRAEFATIONEM.
1326 129 1441 169 XXXi

112 232 311 275 Eustath.
334 234 390 275 ad
405 237 475 274 Ἰλ.
494 235 751 289 1.p.768.]4
767 254 820 268 =
834 236 932 278 674.
947 238 1073 280 47.“Ο
1087 239 1114 278 δ’
1129 236 1276 289 ἠλίθιος,
1294 239 1343 286 αἱς
1358 255 1445 293 προ-

110 289 254 340 βάτιον,
271 292 319 342 βῆ
338 293 386 341 βῆ
407 290 528 346 λέγων
548 291 702 344 βαδίζει.
732 294 1051 349 Theopompus
1068 296 1187 350 apud
1206 296 1442 338 Pollucem

111 348 176 389 ix.
197 349 268 389 64.
301 350 351 388 Ei
371 353 428 389 νῦν
447 350 486 403 γ’
508 351 594 404 ἀνὴρ
615 349 790 401 διώβολον
812 350 907 405 φέρει
929 351 1070 407 τρέφειν
1090 355 1269 407 γυναῖκα.
1322 354 1444 394 Pris-

111 406 225 446 cian.
246 406 375 446 xviii.
397 420 442 459 p.
465 407 590 448 1⁵83.
623 408 666 448 9.
701 407 913 459 Θεόπομπος
941 409 1229 466 Στρατιώτισιν·
1250 411 1308 450 ‘H
1340 416 1443 465 Θρα-

111 462 291 517 συμάχου
309 462 340 502 δ’
360 465 458 515 ὑμῶν
472 466 562 518 γυνὴ
583 468 709 512 καλῶς
730 466 986 515 ἐπιστατήσει.

169 520 383 574 Quinque
404 521 548 562 adhuc
571 535 725 563 versus
746 528 994 577 supersunt,
1025 524 1103 578 qui
1124 525 1165 565 in
1190 527 1347 578 quarto
1366 538 1443 579 pe-

112 577 165 618 de
187 582 463 632 anapaestum
486 579 664 619 habent.
699 579 818 620 Nub.
841 581 969 621 1429.
992 581 1110 622 Rau.
1132 582 1231 623 96:33.
1254 582 1352 623 983.

286 633 440 682 Σκέψαι
461 635 496 674 δὲ
516 635 597 683 τοὺς
618 636 866 692 ἀλεκτρυόνας
888 639 950 677 καὶ
969 636 1102 677 τᾶλλα
1129 641 1179 678 τρὶ
1199 639 1297 687 βοτοὶ
1318 639 1442 680 ταυτί.

289 693 356 732 Τὸν
376 692 497 741 ξουθὸν
515 692 810 748 ἱππαλεκτρυόνα
834 696 947 743 ζητῶν
967 695 1022 742 τίς
1045 693 1143 734 ἔστιν
1165 694 1269 750 ὄρνις.

288 749 868 806 Οὐχἱππαλεκτρυόνας,[.ωὶΔι”,
887 752 963 792 οὐδὲ
979 751 1253 807 τραγελάφους,
1269 750 1359 808 ἅπερ
1380 753 1443 796 σύ.

103 804 245 862 Ὥραις
266 808 385 861 apud
411 805 572 848 Athen.
592 809 655 848 ix.
678 822 722 862 p.
747 808 847 850 372.
870 809 920 851 C.
951 810 1024 851 hic
1046 824 1160 851 unus
1183 815 1252 852 est
1273 824 1297 851 e
1318 812 1446 865 quin-

116 865 260 906 decim
281 865 549 906 tetrametris
567 865 787 906 iambicis.

283 920 474 977 ιἦκτο-οὺς
493 923 519 960 δ’
540 917 622 970 ’ἴδοις
642 920 684 962 ὀέν
705 921 916 975 νιφομένους
937 922 1060 964 σύκων
1081 925 1170 977 ὁμοῦ
1190 941 1231 964 τε
1250 923 1414 979 μύρτων.

115 979 248 1020 Plato
271 979 380 1019 ibid.
403 992 477 1020 xv.
497 993 542 1032 p.
563 979 662 1020 665.
684 981 743 1020 D.

290 1036 365 1076 Καὶ
389 1037 426 1085 δὴ
450 1034 645 1091 κέκραται·
670 1037 731 1076 τὸν
751 1038 958 1087 λιβανωτὸν
979 1037 1144 1084 ἐπιτιθεὶς
1165 1037 1253 1078 εἶπε.

114 1093 201 1135 Sed
220 1094 315 1135 haec
336 1098 379 1134 et
401 1095 605 1147 quaedam
625 1095 713 1135 alia
729 1095 829 1136 loca
849 1096 1018 1136 intacta
1030 1096 1259 1145 dimittere,
1282 1097 1447 1149 optime

100 1152 266 1201 «lector,
296 1164 471 1192 mecum
492 1152 717 1201 constitui,
740 1157 788 1193 ut
819 1157 866 1193 tu
888 1153 1063 1193 seilicet
1083 1154 1262 1203 habeas,
1294 1153 1335 1194 in
1359 1167 1447 1207 quo

115 1208 334 1261 ingenium
355 1214 477 1249 tuum
501 1214 546 1249 et
561 1209 822 1250 industriam
845 1223 1074 1250 exerceaS.

173 1265 355 1317 Vereor,
388 1278 441 1305 ne
463 1266 507 1305 in
538 1267 782 1307 rationibus
817 1267 1109 1307 iambicorum
1147 1279 1347 1308 versuum
1369 1281 1447 1308 ex-

114 1322 332 1376 ponendis
363 1322 480 1374 longi
510 1322 732 1366 fuerimus.
806 1323 972 1364 Verum
1005 1337 1095 1376 quo
1128 1324 1346 1376 longiores
1384 1326 1446 1366 ibi

116 1379 294 1430 fuimus,
329 1393 382 1421 eo
420 1379 564 1420 minus
601 1380 837 1421 trochaicis
877 1381 1218 1421 immorabimur.
1270 1381 1446 1422 Notum

115 1441 198 1486 est,
220 1451 244 1478 e
264 1437 492 1477 trochaico
517 1440 767 1478 tetrametro
799 1438 1066 1478 catalectico
1096 1438 1316 1478 senarium
1340 1440 1447 1489 fieri,

117 1495 155 1534 si
186 1495 242 1535 ab
263 1494 392 1534 initio
413 1493 608 1534 detrahis
643 1494 878 1543 Creticum,
907 1495 978 1536 vel
1013 1495 1220 1536 Paeonem
1255 1496 1446 1548 primum

117 1553 212 1593 sive
234 1556 456 1605 quartum.
490 1552 640 1604 Eurip.
663 1551 736 1592 Or.
754 1553 852 1593 719.

293 1605 480 1655 Θᾶο-σονῆ
501 1606 542 1657 μ’
566 1609 572 1660 ἱ
595 1609 742 1663 Ἐχρῆν
762 1610 968 1662 προβαίνων
986 1607 1112 1659 ἱκόμην
1133 1609 1172 1647 δι’
1186 1607 1331 1657 ἄστεος.

118 1664 203 1706 Sed
222 1665 264 1706 in
285 1665 371 1706 hoc
393 1663 614 1706 trochaico
645 1666 818 1706 senario
840 1667 992 1715 (liceat
1011 1667 1076 1707 ita
1096 1666 1241 1719 loqui)
1262 1668 1349 1707 duo
1370 1668 1448 1708 ob-

117 1723 336 1764 servanda
375 1726 503 1763 sunt:
552 1734 767 1776 nusquam
803 1727 1095 1776 anapaestum,
1137 1723 1274 1776 [xliii]
1315 1737 1369 1764 ne
1399 1724 1444 1764 in

116 1779 258 1832 primo
280 1779 457 1834 quidem
479 1779 592 1828 loco,
628 1779 827 1831 adulitti3
864 1780 1023 1820 deinde
1055 1781 1309 1820 necessario
1334 1794 1445 1821 sem-

117 1849 196 1889 per
215 1837 377 1891 requiri
411 1849 629 1877 caesuram
665 1837 1060 1889 penthemimerim.
1132 1837 1234 1877 Una
1258 1841 1445 1878 tantum-

117 1893 247 1935 modo
268 1895 323 1935 ab
358 1893 442 1934 hac
464 1893 613 1945 regula
646 1895 856 1946 exceptio
884 1894 1003 1947 apud
1037 1893 1253 1945 Tragicos
1286 1900 1449 1936 exstat.

120 1949 238 1991 Nam
256 1964 410 1992 versus
433 1950 531 2003 [ph.
556 1948 610 1990 A.
627 1950 756 1991 1395.
778 1950 898 1991 1401.
918 1954 1070 2003 aperte
1095 1951 1297 1991 mendosi
1320 1956 1446 2002 sunt;

119 2007 317 2061 AEschyli
338 2008 484 2049 locum
506 2007 628 2046 Pers.
649 2007 748 2048 164.
765 2020 923 2048 sanum
946 2020 1042 2048 esse
1061 2008 1147 2047 sibi
1170 2008 1446 2060 persuasisse

119 2064 371 2106 Dawesium
394 2078 438 2117 p.
458 2065 530 2106 20.
551 2064 827 2105 vehementer
846 2065 992 2105 miror.
1053 2064 1182 2115 Lege,

292 2121 421 2162 Ταῦτά
441 2137 503 2173 μοι
525 2118 668 2175 μέςιμν’
688 2120 877 2175 ἅφραστός
900 2124 998 2161 ἐστιν
1019 2122 1052 2161 ἐν
1072 2121 1195 2175 φρεσὶν
1216 2121 1337 2169 διπλῆ.

120 2178 223 2220 Non
244 2179 387 2220 solum
407 2179 523 2219 enim
551 2178 595 2217 in
628 2179 840 2219 trochaici
873 2179 1027 2231 tragici
1056 2192 1231 2219 caesura
1250 2191 1337 2219 non
1358 2179 1446 2219 dis-

120 2236 260 2276 secari
279 2240 430 2289 potest
451 2235 634 2277 verbum
654 2236 962 2289 compositum,
987 2236 1115 2289 quale
1133 2236 1342 2290 ἄφραστος,
1366 2237 1443 2277 sed

119 2305 174 2333 ne
197 2294 408 2334 articulus
444 2292 621 2346 quidem
655 2306 736 2333 nec
767 2294 1028 2346 prae'positio
1061 2297 1259 2346 quartum
1287 2293 1445 2345 pedem

119 2350 364 2391 terminare.
414 2350 590 2390 Leviter
611 2354 841 2403 corruptus
865 2350 961 2402 [ph.
999 2349 1054 2389 A.
1083 2351 1201 2390 [391.
1224 2355 1269 2390 et
1290 2350 1446 2391 leviter

118 2407 418 2460 corrigendum
439 2405 547 2445 τάσδ’
570 2420 649 2459 pro
668 2409 749 2453 τᾶς.
809 2407 897 2448 Sed
919 2406 1131 2458 regulam,
1162 2420 1294 2460 quam
1315 2420 1448 2460 supra

121 2463 174 2505 de
195 2477 338 2517 pausa
358 2464 531 2513 tradidi,
552 2464 895 2516 aeligiosissime
917 2472 1108 2512 servant,
1131 2464 1193 2503 ita
1212 2469 1263 2504 ut
1284 2464 1444 2505 nullam

122 2522 429 2575 exceptionem
465 2533 533 2560 nie
566 2521 827 2561 observasse
855 2521 1120 2561 meminerim
1149 2525 1444 2575 praeterquam

126 2576 234 2619 Hel.
264 2578 390 2620 1648.
411 2575 630 2632 ἀφίστασθ’.
690 2578 899 2620 Detracta
920 2577 1061 2628 litera,
1084 2577 1199 2631 lege,
