1596 2824
594 85 911 134 EKABH.

139 236 315 287 πολλαι
345 234 439 306 γάξ
469 236 595 304 ἡμῶν,
617 258 666 285 αι
658 232 768 303 μὲν
798 231 879 286 εἶό·’
906 233 1132 299 {va-tomum,

140 313 191 362 αἱ
218 310 259 362 δ’
292 313 349 369 εἷς
378 307 560 381 ἀξιθμον
588 311 666 360 τῶν
693 311 840 360 κακῶν
858 307 1152 397 ’‘a-Quantam.

64 388 152 436 Ex.
180 383 495 455 Αγάμεμνον,
523 384 799 455 ἀνθξωποισιν
826 383 905 435 οὐκ
935 383 1066 473 57655712
1093 404 1198 434 ποτε

138 462 216 512 τῶν
242 460 555 545 πξοιγμάτων
557 483 630 517 την
659 471 875 523 ’γλωσσαν
898 457 1071 527 ἰσχύειν
1087 454 1235 507 πλέον.

1291 472 1401 509 1170

138 533 266 586 ἀλλ
277 534 364 586 εἴτε
392 531 555 605 χξῆστ
582 529 754 604 ἕόξασε,
782 530 945 614 χρήστ’
972 529 1057 583 ’ἔδει
1087 529 1252 597 λέγειν·

141 608 216 661 di
248 608 309 661 αὖ
337 632 512 680 πονηξοι,
540 632 640 666 τους
669 607 835 672 λόγους
866 612 975 658 εἶναι
1004 603 1207 696 σαθςοὺς,

138 708 217 735 και
239 708 305 753 μη
334 682 548 735 δύνασθαι
578 680 730 733 τοῖδικ
760 689 805 733 εὑ
836 680 986 747 λέγειν
1013 680 1134 732 ποτέ.

138 759 263 825 σοφοὶ
290 782 373 827 μεν
403 755 472 809 οὐν
502 756 579 808 elo-²
611 759 650 808 οἱ
679 754 789 808 τοίδ
820 754 1134 837 ἦκξιβωκοτες,

139 833 252 884 ἀλλ’
277 834 325 884 οὐ
355 830 597 884 δύναιντ’
567 856 619 883 ow
647 830 724 883 διὰ
752 829 908 890 τέλους
932 854 1042 882 εινοιι
1070 831 1211 896 σοφοὶ,

113 984 204 1013 1167.
215 980 353 1011 Restitui
365 986 522 1021 utcunque
531 980 713 1011 mendosam

66 1024 152 1060 Aldi,
171 1025 310 1054 omnium
321 1025 400 1054 Mss.
415 1030 447 1054 et
462 1024 576 1055 Stobaei
593 1024 667 1054 lxix.
682 1035 714 1064 p.

63 1071 138 1099 289.
157 1067 207 1099 ed.
229 1068 321 1098 Grot.
341 1067 520 1097 lectionem.
542 1066 630 1098 οὐδέν
657 1067 715 1098 elo-⁸

64 1111 275 1165 Musgravius,
308 1120 400 1153 quem
429 1111 566 1151 sequitur
594 1111 713 1141 Brunc-

64 1154 144 1185 kius.
160 1154 191 1185 αἱ
205 1152 262 1193 μὲν
277 1154 333 1185 οὐκ
348 1154 448 1184 edidit
464 1154 613 1185 Beckius.
639 1154 714 1184 For-

64 1203 145 1228 tasse
159 1208 252 1227 sanus
278 1202 327 1228 est
350 1197 409 1228 hic
421 1207 538 1233 versuS,
562 1202 594 1227 et
609 1197 714 1237 legen-

64 1240 162 1270 dum
154 1251 188 1272 ln
213 1239 358 1282 sequenti
382 1251 455 1271 eum
481 1240 625 1281 Reiskio,
652 1242 715 1271 τῶν

65 1285 181 1316 καλῶν.
214 1284 294 1314 Utut
315 1285 382 1314 haec
405 1288 488 1319 sunt,
514 1284 642 1314 liberam
658 1283 715 1314 eli-

65 1327 160 1366 gendi
187 1332 377 1368 potestatem
393 1326 563 1358 lectoribus
593 1326 715 1367 reliqui.

64 1369 167 1410 [Cave
190 1371 357 1412 quicquam
383 1381 421 1401 ex
436 1370 484 1400 his
505 1371 617 1411 eligas:
642 1380 716 1400 nam

64 1413 192 1454 vulgata
217 1415 335 1455 optime
365 1424 397 1444 se
426 1413 531 1444 habet.
576 1412 714 1444 Sensus:
759 1421 773 1441 s

65 1461 72 1473 ⁸
89 1456 159 1487 aliae
185 1457 307 1487 invidia
326 1455 533 1498 premuntur,'
558 1467 631 1486 cum
653 1456 717 1486 sint

63 1498 337 1531 innocentissimae.
390 1499 486 1531 Conf.
518 1499 611 1529 Med.
641 1502 716 1530 305.

64 1550 158 1581 quem
174 1540 290 1576 locum,
301 1544 407 1570 nostro
423 1539 515 1569 etiam
529 1543 627 1569 forma
641 1549 714 1569 con-

65 1594 187 1625 gruum,
218 1584 244 1614 si
271 1583 329 1613 viri
358 1582 445 1614 docti
472 1588 717 1623 comparassent,

66 1627 176 1658 fluctus
192 1626 225 1657 in
246 1626 379 1667 simpulo
403 1626 535 1656 excitare
551 1625 717 1656 abstinuis-

70 1675 149 1700 sent.
173 1670 267 1707 Quod
287 1675 392 1700 autem
408 1669 565 1699 Matthiae
581 1668 623 1699 ad
637 1675 718 1699 πολ-

68 1713 121 1744 λαὶ
132 1731 176 1736 -
187 1714 219 1744 αἱ
233 1712 290 1752 μὲν
302 1731 356 1749 -—,
370 1712 401 1743 αἱ
408 1713 432 1743 δ’
441 1730 484 1734 --
494 1711 638 1748 offendit,
654 1723 717 1742 non

66 1757 249 1787 meminerat
264 1756 311 1786 vir
326 1756 474 1796 optimus,
496 1755 571 1786 talia
597 1766 628 1785 se
644 1765 718 1796 pas-

66 1799 124 1830 sim
141 1800 263 1840 legisse.
287 1799 437 1834 Galenus,
449 1798 503 1839 qui
518 1809 601 1828 nunc
616 1798 717 1838 ipsum

67 1843 143 1874 mihi
157 1843 191 1873 in
209 1842 349 1873 manibus
365 1846 422 1877 est,
438 1843 517 1882 (non
534 1841 592 1872 erit
606 1842 718 1882 ampli-

69 1896 114 1922 ιιε,
140 1891 226 1916 sexto
238 1890 323 1916 tomo
344 1884 464 1923 finito,)
491 1890 515 1916 t.
534 1885 573 1915 vi.
598 1895 629 1924 p.
643 1888 719 1915 850.

69 1929 120 1962 ed.
138 1929 225 1970 Lips.
241 1930 334 1970 plane
346 1934 382 1959 ut
395 1927 558 1968 Euripides
573 1939 579 1957 z
595 1927 718 1959 Πολλοὶ

68 1972 129 2012 γὰρ
143 1971 274 2012 τούτων,
283 1972 312 2003 οἱ
322 1972 380 2011 μὲν
392 1973 425 2003 ἐν
437 1972 543 2002 αὐταῖς
551 1973 620 2002 ταῖς
637 1972 719 2003 ὁδοῖς

69 2014 231 2052 ἀπέθανον,
247 2016 277 2046 οἱ
291 2014 324 2046 δὲ
345 2014 386 2047 εἷς
399 2016 599 2053 πανδοχεῖον,
614 2014 685 2054 πρὶν
698 2014 718 2051 ἢ

70 2059 173 2091 οἴκαδε
195 2059 422 2100 παραγενέσθαι
445 2057 632 2098 φθάσαντες,
649 2057 719 2096 ἡμι-

70 2101 179 2140 θνῆτές
192 2115 229 2134 τε
245 2102 296 2134 καὶ
306 2101 535 2141 κατεψυγμένοι
544 2099 719 2141 φαίνονται.

68 2145 111 2176 V.
127 2146 261 2176 similia*
254 2157 285 2176 in
301 2150 376 2176 nota
392 2145 596 2185 Hoogeveeni
611 2145 650 2174 ad
663 2144 721 2174 Vi-

70 2199 134 2228 ger.
149 2189 172 2219 i.
184 2192 215 2220 4.
227 2200 256 2229 p.
269 2193 299 2220 5.
324 2188 386 2218 sed
398 2187 475 2228 quid
491 2189 556 2218 haec
565 2187 638 2223 cito,
651 2198 719 2217 cum

69 2232 102 2262 in
126 2238 247 2273 promtu
273 2232 314 2262 sit
338 2231 544 2271 Euripideum
569 2241 598 2260 v,
624 2233 720 2261 1133.

71 2276 138 2315 sq.?
164 2275 213 2306 De
239 2275 333 2315 vulgo
347 2279 449 2305 autem
479 2273 641 2303 mulierum
657 2283 720 2303 non

71 2324 147 2358 puto
178 2318 314 2348 Chorum
345 2318 443 2358 loqui.
476 2318 519 2347 G.
538 2317 585 2347 H.
606 2316 662 2357 S.]
679 2334 722 2340 —

72 2361 252 2391 Roiskianae
268 2361 481 2391 emendationi
493 2370 556 2390 non
571 2359 653 2389 male
666 2359 720 2389 ob-

66 2403 139 2443 jicit
156 2405 364 2439 Hermannus,
382 2402 464 2440 καλὴ
481 2403 520 2433 de
540 2403 654 2432 femina
670 2402 721 2432 vix

73 2448 146 2483 dici,
162 2447 223 2477 nisi
238 2458 306 2477 cum
324 2448 361 2478 ad
379 2447 515 2486 corporis
531 2445 621 2475 dotes
630 2456 720 2486 spec-

72 2495 117 2520 tat
132 2501 139 2528 3
181 2491 327 2530 quocirca
364 2490 458 2519 hodie
488 2489 603 2523 malim,
635 2492 722 2529 parte

74 2533 307 2573 Musgravianffl
346 2532 534 2573 conjecturae
567 2532 722 2571 a‘tlsumta‚

75 2586 180 2616 egere.
199 2576 319 2607 πολλαὶ
341 2574 413 2615 γάρ·
430 2574 461 2604 αἱ
483 2573 541 2613 μὲν
555 2573 644 2605 οὐδὲν
661 2574 718 2605 εἵατ’

75 2618 242 2662 ἐπίφθονοι.
267 2619 453 2650 Pronom'ma
469 2628 552 2658 saepe
568 2617 634 2649 sine
648 2628 720 2648 cau-

1295 843 1405 883 1175

759 990 793 1009 sa
808 979 926 1021 ejecere
949 980 1076 1016 librarii,
1106 990 1191 1021 saepe
1221 980 1288 1010 sine
1315 989 1409 1009 causa

759 1024 921 1054 addidere.
947 1023 1048 1054 Recte
1068 1023 1160 1062 ἡμᾶς,
1182 1023 1266 1064 quod
1283 1023 1408 1052 excide·

759 1074 817 1105 rat,
854 1066 988 1096 restituit
1036 1066 1214 1096 Brunckius
1259 1066 1410 1106 Sophocli

760 1109 879 1140 Electr.
895 1112 988 1141 1403.
1004 1110 1086 1140 male
1099 1109 1296 1139 Invernizius
1311 1119 1328 1139 e
1345 1109 1410 1139 Ms.

759 1152 945 1183 Ravennate
988 1153 1088 1183 edidit
1125 1152 1286 1193 Aristoph.
1321 1152 1409 1183 Nub.

760 1198 855 1226 1448.
875 1196 1002 1237 (1458.)
1027 1197 1133 1235 Ἡμεῖς
1155 1196 1304 1235 ποιοῦμεν
1321 1195 1410 1226 ταῦθ’

760 1238 918 1275 ἑκάστοθ’,
936 1239 1028 1270 ὅντιν’
1053 1239 1092 1270 ἂν
1115 1240 1248 1278 Γνῶμεν,
1265 1249 1321 1280 pro
1347 1238 1412 1269 Ἀεὶ

758 1283 917 1323 ποιοῦμεν,
933 1283 1017 1323 quod
1033 1282 1110 1313 satis
1125 1282 1258 1312 firmabit
1271 1282 1411 1323 ejusdem

759 1325 872 1355 fabulae
898 1336 1003 1356 versus
1024 1328 1120 1357 1279.
1145 1324 1279 1366 (1282.)
1293 1331 1326 1354 et
1341 1335 1411 1366 quae

817 1368 869 1398 avi
883 1368 923 1398 ad
937 1369 1080 1409 Euripid.
1098 1368 1209 1398 Phoen.
1226 1370 1322 1399 1422.
1341 1367 1412 1398 Nec

797 1411 971 1442 eruendum
986 1417 1063 1453 puto
1073 1411 1155 1451 ἡμᾶ3
1169 1421 1224 1453 pro
1237 1410 1345 1443 ἄλλως
1361 1421 1414 1442 su·

761 1465 816 1495 pra
832 1457 907 1486 487.

805 1500 900 1528 1171.
916 1496 1030 1534 χρήστ’
1044 1496 1155 1535 ἔδρασε
1167 1497 1243 1526 citat
1257 1496 1414 1526 Scholias-

760 1543 808 1567 tes
833 1537 873 1568 ad
899 1538 1061 1578 Aristoph.
1087 1537 1171 1568 Plut.
1189 1540 1263 1569 143.
1290 1545 1415 1579 propter

761 1586 949 1611 accentuum
976 1581 1143 1612 rationem.
1179 1581 1272 1618 Quod
1296 1581 1412 1612 ibidem

762 1624 848 1659 citat,
875 1623 946 1655 δείν’
974 1623 1066 1659 ἅττα,
1093 1629 1141 1655 est
1166 1635 1204 1655 ex
1230 1623 1314 1655 Ran-
1338 1627 1414 1656 956.

764 1666 885 1706 [Verba
907 1667 1089 1698 scholiastae
1112 1676 1201 1697 sunt:
1229 1666 1309 1698 ‘'O-re
1336 1667 1410 1698 &va—

761 1709 928 1749 βιβάζεται
947 1710 1039 1750 ὀξεῖα,
1065 1708 1161 1741 πάλιν
1187 1709 1270 1749 ὀξεῖα
1292 1710 1414 1750 ὀφείλει

761 1752 910 1789 τίθεσθαι,
933 1755 968 1784 οὐ
993 1754 1052 1792 μὴν
1077 1752 1306 1794 περισπωμένη,
1340 1754 1414 1785 ἆτο-

761 1809 821 1828 πον
849 1796 923 1838 γάρ.
959 1797 1048 1827 Talia
1079 1796 1183 1828 ἄτοπα
1211 1807 1294 1837 saepe
1324 1798 1412 1838 (pas-

761 1841 819 1870 sim
842 1851 913 1871 cum
938 1850 1053 1881 magno
1077 1850 1186 1870 sensus
1207 1840 1414 1880 detrimento)

761 1884 919 1924 leguntur.
940 1883 1029 1913 Male
1045 1883 1174 1913 dederat
1190 1883 1233 1913 Bi
1239 1883 1386 1914 nnckms
1380 1893 1413 1913 m

762 1927 928 1966 Sophoclis
940 1927 1080 1956 editione
1093 1926 1216 1968 majoris
1228 1925 1345 1956 moduli
1359 1925 1400 1968 Aj
1387 1938 1414 1968 J.

767 1972 862 2001 1230.
880 1969 983 2010 ὑψῆλ’.
998 1970 1087 2000 Male
1100 1969 1190 2000 dedit
1205 1970 1413 2011 VVyttenbac-

764 2013 835 2043 hius
849 2013 883 2043 in
908 2014 1068 2043 Plutarch.
1090 2013 1175 2043 lVIor.
1196 2019 1221 2042 t.
1242 2014 1264 2043 i.
1278 2023 1309 2053 p.
1337 2015 1414 2044 27⁴.

763 2056 874 2088 κλεῖν’.
897 2057 986 2086 Male
999 2056 1210 2086 Marklandus
1226 2056 1255 2085 in
1271 2056 1414 2096 Euripid.

763 2099 834 2139 Iph.
865 2099 904 2129 A.
934 2102 1028 2130 1346.
1057 2099 1140 2134 δεῖν’,
1172 2098 1258 2139 quod
1283 2099 1415 2128 correxit

765 2142 964 2182 Musgravius
982 2143 1124 2182 (1356.).
1139 2142 1227 2171 Male
1237 2142 1328 2171 ambo
1339 2141 1416 2172 ibid.

765 2188 861 2216 1129.
881 2186 1011 2226 (1136.)
1028 2183 1101 2225 εἶφ’,
1120 2185 1204 2225 quod
1220 2191 1268 2214 est
1284 2190 1291 2201 ¹
1314 2185 1416 2225 dixit‚'

765 2239 825 2258 non
854 2234 862 2246 ‘
879 2228 962 2258 diez’
987 2239 1046 2258 nec
1076 2229 1188 2258 melius
1219 2228 1334 2258 habent
1359 2228 1415 2257 ali-

764 2276 842 2312 quot
868 2271 1041 2301 editionum
1068 2272 1301 2306 insecutamm3
1332 2272 1416 2310 quod

765 2315 816 2355 qui
833 2316 954 2354 probat,
971 2324 1010 2344 ne
1026 2319 1134 2354 tangat
1147 2313 1216 2344 εἶπέ
1224 2326 1277 2352 μοι
1291 2314 1325 2343 in
1341 2314 1417 2344 Plu-

764 2358 861 2388 tarchi
880 2357 969 2387 Alex.
996 2368 1024 2387 c.
1046 2360 1099 2388 30.
1127 2363 1151 2387 t.
1174 2358 1216 2387 iv.
1244 2367 1274 2397 p.
1301 2359 1354 2388 72.
1371 2356 1415 2388 R.

766 2401 804 2431 In
813 2400 1032 2440 Xenophontis
1045 2400 1142 2429 Mem.
1154 2400 1188 2429 ii.
1201 2403 1229 2430 1.
1240 2403 1294 2430 20.
1307 2400 1415 2429 etiam—

767 2454 849 2473 nunc
878 2442 1013 2483 reperias
1045 2442 1263 2483 παρατονωθὲν
1293 2443 1418 2483 σκλῆρ’.

769 2487 862 2517 Conf.
888 2486 997 2527 Heyn.
1014 2485 1054 2515 ad
1072 2486 1201 2516 Homer.
1225 2485 1265 2516 Il.
1286 2491 1309 2515 t.
1338 2496 1369 2516 ν.
1384 2497 1417 2524 p.

766 2532 840 2561 4214.
858 2534 879 2558 t.
899 2529 937 2557 vi.
964 2538 995 2568 p.
1022 2531 1095 2559 152.
1118 2534 1140 2558 t.
1163 2529 1216 2558 vii.
1238 2539 1271 2569 p.
1298 2531 1372 2559 321.
1392 2535 1416 2558 t.

765 2572 832 2602 viii.
849 2582 879 2611 p.
895 2573 969 2601 140.
984 2573 1059 2601 313.
1085 2575 1117 2600 et
1135 2570 1241 2601 Reitz.
1265 2572 1304 2601 ad
1323 2572 1419 2601 Luci-

759 2626 817 2654 ω.
835 2620 857 2645 ι.
872 2614 894 2645 i.
912 2616 1034 2655 p.8·19.
1060 2613 1104 2644 G.
1123 2613 1170 2645 H.
1186 2613 1239 2654 3.]
