1606 2803
281 67 694 100 SUPPLEMENTUM
729 67 795 99 An
832 67 1216 100 PRAEFATIONEM.
1371 59 1421 99 xi

91 179 186 220 haec
209 179 303 220 iota
323 178 489 220 dativis
509 185 553 220 et
581 179 811 221 infinitivis
842 179 1046 229 addebat,
1078 179 1156 220 illa
1177 179 1422 220 omittebat.

91 236 179 278 Sed
203 236 245 276 in
266 236 352 277 hoc
375 249 529 277 omnes
550 238 716 278 vetusti
745 236 858 277 Mss.
882 237 1176 283 consentiunt,
1209 236 1345 276 etiam
1373 237 1420 286 ii,

90 293 164 347 qui
186 297 439 334 constanter
456 292 590 346 μούσηι
611 298 655 335 et
674 295 774 349 ὃραῖν
795 295 994 344 retinent,
1017 298 1066 335 ut
1089 295 1172 343 κάν,
1197 293 1357 333 κᾶπειτα
1378 299 1423 334 et

89 351 251 392 similia
270 351 394 392 litera
413 352 497 392 ista
519 365 693 405 semper
708 355 904 393 careant.

145 405 231 462 (B)
263 408 448 458 Nescio,
482 422 561 450 cur
591 409 772 450 miretur
793 409 907 463 quis,
929 408 1046 462 quod
1068 407 1271 449 vocalem
1300 408 1347 448 in
1368 408 1425 448 ἀεὶ

91 477 370 507 communem
405 478 507 506 esse
542 467 786 516 statuerim,
821 479 921 507 cum
957 465 1075 506 idern
1110 466 1189 507 fiat
1216 466 1260 505 in
1296 467 1424 517 ἰῶμαι,

92 523 229 577 ἰατρὸς,
252 522 338 562 λίαν
360 526 402 564 et
422 523 539 564 aliis.
599 523 792 564 Gravem
817 524 862 563 in
890 536 935 563 re
965 523 1056 563 levi
1079 535 1266 563 errorem
1288 523 1424 564 admi-

90 581 148 620 sit
170 580 537 632 Valckenaerius,
570 594 671 622 cum
692 581 768 632 ait,
793 580 982 621 Diatrib.
1002 593 1048 633 p.
1069 580 1142 620 65.
1163 580 1262 620 loca
1278 581 1427 621 omnia

91 637 333 690 Euripidis,
355 639 430 679 ubi
450 639 640 691 priorem
662 639 871 691 producit
889 635 988 686 λίαν,
1007 637 1264 677 facillimam
1286 638 1429 678 mede-

89 695 177 735 lam
199 694 444 736 admittere.
504 696 602 737 Imo
624 697 723 749 ipse
745 697 889 744 locus,
908 708 1042 748 quem
1064 695 1189 744 citas,
1210 694 1294 735 Vir
1308 707 1429 735 sum-

92 765 178 801 me,
215 752 385 793 nullam
418 752 635 794 medelam
670 753 880 794 admittit.
941 750 1071 799 Γύναι,
1102 750 1159 800 τό,
1187 768 1228 791 τε
1255 750 1340 791 λίαν
1363 752 1427 791 καὶ

94 805 353 861 φιλοίη-εσθαι
387 809 521 863 φθόνον.
584 810 731 861 Quam
762 824 820 851 ex
853 809 1160 851 emendatione
1196 809 1428 858 addidisti,

92 867 313 920 particula
343 883 384 906 τ-
403 867 495 922 (vel
521 882 567 921 γε
572 865 606 921 ),
630 868 668 908 si
695 869 741 908 in
773 867 885 908 Mss.
918 866 1123 907 omnibus
1154 867 1429 919 reperiretur,

94 923 312 977 ejicienda
332 928 477 975 esset3
510 926 678 978 quippe
700 938 801 978 quae
832 937 1060 976 nunquam
1083 923 1279 964 secunda
1300 923 1429 976 pedis
1486 957 1492 964 .

96 981 313 1034 trisyllabi
345 957 516 1035 syllaba
538 995 636 1022 esse
664 983 822 1047 possit.
883 981 1017 1022 Dixit
1038 981 1220 1033 quidem
1243 980 1432 1021 Menan-

96 1038 174 1078 der
209 1037 329 1091 apud
366 1039 595 1080 Stobaeum
624 1040 740 1080 cxvi.
769 1053 811 1092 p.
839 1040 937 1080 475.
997 1039 1132 1090 Ἠμῶν
1163 1036 1254 1091 τόγε
1294 1040 1434 1092 φρονεῖν

96 1093 377 1150 ἀσφαλέστερον
412 1097 517 1135 ποιεῖ·
550 1096 665 1137 dixit
696 1096 928 1137 Philemon
958 1095 1066 1136 ibid.
1098 1096 1216 1135 cviii.
1251 1109 1296 1148 p.
1333 1095 1431 1136 455

95 1153 162 1192 Ἐν
197 1155 249 1191 τῶ
284 1152 341 1202 τό,
374 1170 414 1191 τε
445 1153 559 1192 κακὸν
589 1151 627 1192 εὖ
658 1151 776 1208 φέρειν
812 1153 875 1192 καὶ
909 1150 1086 1205 τάγαθόν·
1121 1153 1236 1193 dlxii:
1273 1151 1432 1192 Alexis

98 1210 216 1262 apud
250 1209 436 1251 Atllenae
421 1224 513 1249 ³um
532 1211 590 1250 Vi
613 1223 656 1262 p.
684 1211 786 1250 237.
809 1210 859 1250 C.
890 1211 997 1255 Νοεῖς
1022 1208 1077 1257 τό,
1109 1225 1150 1247 τε
1179 1225 1283 1262 γενος
1304 1225 1368 1247 και
1390 1210 1432 1248 τὸ

97 1269 289 1320 mimium
322 1284 385 1306 και
406 1266 531 1318 μάλα.
561 1265 649 1320 (sic
683 1267 797 1306 enim
827 1264 1096 1318 legendum.)
1154 1266 1245 1306 Sed
1271 1267 1327 1306 ab
1350 1265 1434 1306 hac

98 1324 276 1365 licentia
323 1337 504 1377 prorsus
547 1324 803 1363 abstinuere
843 1328 1042 1373 veteres3
1092 1323 1229 1362 semel
1269 1326 1435 1363 tantum

100 1382 322 1421 senarium
347 1382 402 1421 ab
421 1379 517 1420 ὥστε
536 1378 710 1434 μετέχειν
725 1379 955 1420 inchoavit
971 1379 1295 1432 Aristophanes
1314 1379 1435 1420 Plut.

99 1439 198 1478 3215.
232 1439 367 1478 semel
390 1439 446 1478 ab
465 1435 546 1476 οὔτε
575 1439 652 1492 γὰρ
675 1439 691 1475 ὁ
712 1436 840 1489 μισθὸς
860 1437 962 1477 410.
996 1436 1073 1476 sed
1104 1440 1147 1476 et
1177 1437 1273 1477 haec
1303 1437 1437 1477 raris-

103 1496 215 1536 sima
250 1500 367 1535 sunt.
429 1494 563 1545 Quod
604 1508 708 1535 vero
744 1494 840 1534 dixi
874 1494 928 1534 de
964 1493 1193 1546 particulis
1224 1509 1265 1532 τε
1298 1498 1344 1533 et
1372 1509 1437 1548 γε,

102 1557 295 1593 neutram
328 1565 464 1605 posse
497 1551 737 1592 secundam
767 1551 896 1604 pedis
930 1551 1149 1604 syllabam
1171 1550 1278 1599 fieri,
1310 1550 1357 1590 id
1379 1551 1436 1591 de

103 1611 278 1650 senario
301 1610 472 1662 accipe.
533 1608 662 1649 Adde
684 1609 806 1662 quod
827 1612 978 1649 neutra
998 1608 1042 1647 in
1064 1608 1290 1648 trochaico
1305 1620 1437 1648 versu

104 1667 231 1719 pedis
268 1666 484 1719 trisyllabi
505 1667 649 1719 prima
680 1678 777 1706 esse
808 1668 968 1719 potest.
1029 1663 1163 1717 [xvii]
1195 1663 1284 1704 Sed
1310 1668 1359 1705 ut
1381 1664 1438 1706 ad

104 1723 158 1762 ἀεὶ
198 1723 389 1772 redeam,
426 1723 704 1775 aptissimum
741 1735 800 1763 ex
843 1722 930 1763 ΜΞ.
968 1721 1277 1775 Etymologico
1318 1721 1439 1774 apud

106 1778 250 1821 Koen.
274 1780 329 1821 ad
353 1781 533 1832 Gregor.
555 1794 601 1833 p.
625 1781 723 1821 160.
752 1780 902 1821 locum
935 1779 1093 1820 citavit
1116 1777 1438 1819 Hermannus*

106 1836 240 1877 Praef.
272 1851 316 1890 p.
348 1838 418 1878 ⁶23.
451 1837 582 1889 cujus
613 1838 781 1886 ultima,
817 1841 869 1877 ut
890 1836 1173 1885 insanabilia,
1194 1840 1438 1888 praetereo·

105 1895 251 1965 priora
273 1895 428 1947 procul
449 1894 585 1934 dubio
603 1895 668 1935 sic
689 1894 905 1945 legenda:
936 1891 1074 1933 Ἰστέον
1096 1891 1149 1932 ὅτι
1174 1894 1212 1943 ιβ
1235 1891 1351 1944 φωναί
1370 1894 1439 1932 εἰσι

107 1966 169 1989 7¹0)
187 1953 227 1990 ἇΞ
234 1969 258 1992 l.
292 1968 370 1991 ffff‘rt
391 1967 467 2005 ’γαρ
490 1950 561 1990 αἷέι
580 1968 644 1991 και
666 1953 722 1991 ali
726 1967 742 1990 v
759 1967 821 1990 καί
843 1951 919 1998 αἰὲς
936 1953 1131 1998 ποίητίκῶς
1149 1966 1214 1989 uoci
1231 1948 1288 1989 ἀεί
1309 1965 1392 1989 0·qu
1395 1966 1440 1989 σ’-

108 2006 290 2060 ταὶμένον
321 2009 403 2061 [καὶ
441 2007 497 2048 ἀει
529 2006 788 2079 ἐκτεταμένον]
820 2025 884 2048 και
910 2007 952 2047 ἀι
969 2008 1039 2062 (ut
1065 2012 1182 2048 recte
1216 2007 1440 2057 Koenius)

108 2067 211 2119 παρὰ
233 2066 307 2111 τοῖς
327 2068 515 2105 Αἶολεῦσι.
549 2066 709 2106 Suidas
729 2079 738 2103 t
768 2064 859 2106 Ἀεί.
889 2063 1019 2106 τούτου
1041 2081 1080 2104 ια
1103 2062 1237 2113 φωναί.

166 2121 243 2175 (C)
274 2122 394 2172 Esto,
418 2128 466 2163 ut
487 2121 642 2162 τύπτεαι
663 2123 706 2162 in
726 2120 842 2177 τύπτῃ
866 2136 919 2164 ac
940 2122 1069 2161 τύπτει
1100 2122 1195 2174 pari
1217 2120 1315 2174 jure
1338 2132 1441 2160 con-

110 2179 278 2219 trahere
308 2180 534 2232 potuerint
558 2179 717 2228 Attici,
750 2183 893 2220 utram
924 2180 1272 2221 contractionem
1306 2182 1441 2230 putas

109 2237 405 2289 praelaturos?
437 2236 566 2278 Certe
596 2249 709 2286 eam,
732 2249 833 2289 quae
866 2237 1026 2278 modos
1057 2236 1254 2277 diversos
1286 2233 1442 2275 distin-

111 2297 279 2344 gueret.

167 2348 258 2404 (D)
290 2350 542 2391 Debueram
573 2349 759 2392 fortasse
797 2352 895 2405 χρῆν
927 2351 1150 2404 excipere,
1193 2347 1316 2402 quod
1354 2359 1443 2387 non

156 2488 174 2504 ’ξ
195 2487 349 2528 Euripidis
365 2488 506 2518 Hecuba.
525 2488 699 2519 (andos-redi
714 2489 888 2520 Hermanni
904 2489 945 2520 ad.
957 2499 1027 2520 eam
1039 2493 1071 2519 et
1086 2488 1126 2519 ad
1144 2486 1187 2519 R.
1198 2484 1332 2518 Porsoni
1343 2483 1444 2515 Notas

116 2530 421 2564 Animadversionem
435 2534 506 2563 Svo.
523 2531 640 2573 Lipsiae
658 2534 752 2563 1800.
