1566 2789
167 135 224 179 78
458 150 674 178 ADDENDA
696 151 746 177 m
768 150 893 178 No'r1s
916 152 974 179 AD
997 152 1226 179 HEcunAM.

168 254 278 290 sane,
298 249 342 281 ut
361 242 441 281 fieri
460 257 578 295 posse
598 258 676 283 non
697 257 813 295 nego,
833 245 888 283 ita
905 245 1030 284 minus
1052 243 1262 283 verisimile
1279 256 1365 282 esse
1387 243 1492 283 arbi«

166 304 270 340 tror;
300 296 453 335 facilius
486 311 574 336 vero
603 298 779 336 excidere
808 299 995 349 potuisse,
1025 312 1112 336 cum
1134 298 1266 335 sensui
1295 310 1371 335 non
1403 311 1486 336 om-

167 350 263 387 nino
294 350 556 388 necessarium
586 351 793 389 videretur.
851 351 900 388 Et
930 364 1007 389 non
1042 364 1128 388 raro
1157 350 1311 394 accidit,
1329 357 1373 388 ut
1400 351 1487 388 haec

165 403 254 454 ipsa
273 416 348 441 vox
376 403 437 441 vel
465 403 702 454 perderetur,
735 404 796 440 vel
826 411 1147 455 corrumperetur.
1202 403 1244 441 In
1280 403 1488 441 Menandri

164 456 386 507 fragmento
404 469 496 507 pag.
521 456 609 494 126.
630 456 744 494 valde
762 457 972 507 probabilis
993 464 1052 494 est
1066 455 1232 494 Bentleii
1252 456 1488 503 emendatio,

165 509 211 547 Ei
232 513 304 557 γὰρ
325 508 486 554 ἐπίδοιμι
505 516 611 547 τοῦτο
632 512 688 547 καὶ
709 510 834 561 ψυχὴν
849 510 964 547 πάλιν
975 509 1143 559 Λάβοιμ’
1163 511 1251 558 ἐγώ.
1286 509 1486 560 Aristoph.

165 561 270 600 Plut.
292 563 382 600 268.
402 559 453 598 ΐΩ
480 562 620 613 χρυσὸν
638 564 823 610 ἀγγείλας
852 564 961 600 ἐπῶν·
991 571 1064 600 πῶς
1092 566 1179 614 φὴς;
1210 565 1326 599 πάλιν
1345 564 1487 613 φράσον

164 631 241 665 μοι,
263 615 388 652 Aldus
408 622 446 653 et
467 615 566 652 Mss.
587 616 766 653 nonnulli
786 616 901 653 πάλιν
920 615 1149 658 omiserant:
1184 615 1252 652 sed
1283 623 1386 653 recte
1415 615 1486 653 ad·

164 667 265 706 dunt
284 668 348 705 alii
366 682 453 706 cum
475 668 627 706 duabus
647 669 820 706 Juntinis
842 675 881 706 et
901 668 1022 706 Suida
1044 682 1080 706 v.
1100 669 1228 715 Σωρόε,
1285 668 1400 706 Hanc
1418 681 1487 706 vo-

163 734 263 768 cem,
284 734 372 758 cum
394 721 496 759 varie
516 722 730 773 depravata
753 728 859 761 esset
877 721 917 759 in
937 722 1054 759 πάλαι
1072 729 1110 759 et
1129 723 1241 767 πάνυ,
1269 721 1306 757 in
1328 720 1486 758 exilium

163 775 273 812 nullo
299 775 386 825 jure
415 774 603 813 miserunt
632 775 852 814 Brunckius
882 781 921 812 et
948 774 1182 813 Invernizius
1208 788 1228 812 e
1252 773 1370 824 Vesp.
1394 775 1485 812 319.

163 827 244 865 Sed
274 834 398 865 totum
428 828 557 866 locum
587 829 846 874 emendatius,
877 840 994 878 quam
1027 829 1220 878 vulgatur,
1254 826 1486 865 describam.

161 879 279 926 Φίλοι,
310 882 429 918 πάλαι
456 883 527 931 μὲν
554 883 707 930 τήκομαι
727 881 785 920 διὰ
814 888 873 926 τῆς
894 883 981 924 ὀπῆς
1009 881 1135 929 ’Υμῶν
1154 882 1358 925 ὑπακούων,
1383 882 1489 917 ἀλλὰ

164 937 236 982 γὰρ
254 937 325 986 οὺχ
346 933 419 971 οἷός
438 938 467 972 τ’
488 933 596 973 ἰδεῖν.
625 936 821 985 Τηροῦμαι
850 935 878 973 δ’
897 935 965 972 ὑπὸ
986 934 1102 980 τῶνδ’,
1125 936 1206 971 ἐπεὶ
1224 934 1410 981 Βούλομαί
1439 948 1485 981 γε

161 989 278 1025 πάλιν
298 989 383 1038 μεθ’
402 988 524 1039 ὓ-μῶν
552 989 674 1026 ἐλθὼν
701 990 760 1027 ἐπὶ
790 989 869 1026 τοὺς
894 987 1100 1025 καὸἰ-σκους
1124 989 1233 1025 κακόν
1257 1002 1289 1023 τι
1318 995 1483 1030 ποιῆσαι.

163 1040 315 1079 Priores
348 1039 427 1078 duo
459 1048 550 1079 sunt
584 1041 737 1087 senarii,
760 1041 878 1079 ceteri
901 1047 978 1078 tres
1000 1039 1204 1091 Glyconici
1233 1051 1320 1076 curn
1344 1038 1485 1076 Phere-

162 1101 307 1132 crateo.
366 1093 502 1132 Delevi
522 1097 595 1142 εἰμι
624 1102 714 1144 post
732 1093 804 1132 οἶός
828 1111 880 1139 τε,
901 1094 1005 1144 quod
1035 1094 1147 1131 facile
1168 1091 1483 1142 subintelligitur,

161 1152 204 1184 ut
233 1147 271 1184 in
303 1148 376 1197 Eq.
408 1150 497 1185 342.
525 1148 634 1192 Ὀτιὴ
661 1151 792 1197 λέγειν
816 1146 888 1185 οἶός
917 1164 955 1185 τε
985 1149 1100 1195 κάγὼ,
1132 1145 1314 1196 quodque
1346 1144 1482 1182 eodem

159 1200 279 1237 modo
297 1201 449 1254 irrepsit
475 1201 514 1238 in
536 1200 730 1239 Phoeniss.
752 1202 845 1239 983.
873 1207 962 1252 post
982 1202 1135 1249 ἕτοιμος.
1193 1199 1314 1235 Recte
1339 1196 1485 1234 deinde

161 1251 255 1290 ἰδεῖν
289 1267 358 1305 pro
396 1254 501 1304 ᾄδειν
525 1254 690 1292 correxit
722 1253 940 1299 Dawesius,
973 1253 1011 1290 in
1047 1251 1182 1290 ceteris
1204 1263 1343 1303 ⁴parum
1374 1250 1481 1288 felix.

161 1306 292 1343 Simile
312 1308 496 1346 mendum
524 1320 572 1344 ex
603 1306 777 1355 ejusdem
807 1307 949 1344 fabulae
970 1319 1006 1346 v.
1033 1306 1145 1343 1517.
1169 1303 1358 1341 sustulere
1380 1304 1482 1341 Mss.

159 1358 399 1398 Particulam
427 1361 456 1398 δ’
476 1360 586 1397 addit
605 1360 828 1397 Ravennas.
886 1360 1087 1396 Postremo
1109 1365 1198 1395 ante
1221 1359 1409 1404 Τηροῦμαι
1438 1355 1482 1401 δ’,

158 1411 236 1450 ista
256 1415 387 1460 verba,
407 1418 441 1452 τί
460 1416 613 1460 ποιήσω,
643 1420 685 1450 ut
705 1413 911 1451 manifesto
940 1412 1071 1462 spuri‘a
1101 1417 1139 1447 et
1157 1424 1204 1448 ex
1224 1427 1257 1448 τι
1274 1416 1424 1453 ποιῆσαι
1443 1409 1482 1446 in

158 1465 300 1503 vicinia
332 1474 438 1513 nata,
469 1466 607 1504 delevi.
664 1467 754 1503 Duo
784 1465 873 1503 loca
904 1478 951 1502 ex
980 1463 1157 1501 Athenaei
1189 1463 1364 1513 Epitome
1383 1463 1420 1500 ii.
1442 1474 1480 1511 p.

160 1520 226 1557 58.
250 1519 300 1556 D.
330 1521 425 1558 citat
454 1519 682 1557 Eustathius
713 1519 762 1556 ad
785 1518 930 1569 Odyss.
952 1518 1005 1555 A.
1027 1530 1066 1566 p.
1089 1517 1202 1553 1406.
1225 1516 1395 1553 58:41.
1414 1517 1483 1553 40.

158 1572 382 1620 Τρώγοντας
397 1576 561 1624 μολόχης
580 1574 692 1622 ῥίέαν
709 1574 767 1608 καὶ
782 1574 801 1592 *
819 1577 938 1621 πάμα,
955 1571 1149 1619 πρᾳότερος
1164 1571 1285 1618 ἔγωγε
1299 1569 1481 1619 μολόχης.

160 1624 225 1662 Sic
256 1627 354 1663 bene
383 1626 446 1663 ed.
476 1626 589 1664 Rom.
622 1637 709 1661 nam
741 1624 833 1663 Bas,
860 1623 1047 1661 mendose
1066 1624 1246 1671 πρότερος.
1306 1621 1482 1658 Koenius

160 1677 210 1714 ad
233 1677 396 1728 Gregor.
417 1692 456 1729 p.
477 1680 568 1716 215.
599 1691 646 1715 ex
677 1677 866 1715 Athenaeo
896 1676 1082 1714 violenter
1110 1676 1280 1725 corrigit,
1304 1677 1362 1711 καὶ
1379 1675 1482 1711 Ἐπί-

159 1746 314 1782 χαρμος.
374 1732 451 1769 Sed
483 1738 521 1769 et
551 1730 784 1780 Antiphanis
817 1743 953 1768 nomen
985 1728 1101 1766 modo
1131 1728 1311 1765 omiserat
1342 1728 1482 1764 Eusta-

159 1784 279 1830 thius‚
301 1791 340 1822 et
359 1785 497 1822 millies
519 1784 614 1821 alias
635 1784 861 1834 scriptorum
883 1782 1041 1820 nomina
1061 1781 1276 1831 supprimit.
1335 1780 1480 1817 Notum

161 1844 223 1874 est
241 1841 280 1875 λι
300 1844 339 1875 et
357 1841 404 1875 λυ
424 1838 475 1875 ita
492 1838 528 1874 in
550 1837 647 1874 Mss.
665 1836 828 1882 exarari,
842 1834 1077 1873 utfacillime
1098 1846 1167 1883 pro
1185 1850 1210 1882 μ
1231 1835 1343 1883 [Item
1359 1845 1429 1884 pro
1447 1849 1479 1869 ν.

161 1891 463 1928 Herodianusin
481 1888 672 1927 Dindorfii
694 1889 907 1926 Grammat.
926 1888 1054 1924 Graec.
1077 1894 1102 1925 t.
1122 1887 1146 1924 i.
1168 1899 1204 1936 p.
1223 1888 1285 1924 31.
1307 1888 1373 1924 21.
1415 1885 1482 1923 Σο-

160 1947 294 1994 φοκλῆς
308 1945 347 1981 ἐν
360 1946 485 1995 ἀΰπνῳ
501 1948 667 1991 πυρκαεῖ.
697 1942 791 1992 Leg.
810 1942 851 1979 Σ.
873 1942 913 1978 ἐν
928 1941 1110 1991 Ναυπλίῳ
1122 1956 1160 1976 π.
1178 1940 1225 1977 G'.
1246 1940 1300 1977 H.
1320 1938 1378 1987 S.]
1397 1938 1484 1988 capi

159 1996 323 2046 possint.
353 1998 566 2047 Scripserat
581 1995 773 2033 Eustathii
788 1994 978 2038 librarius,
998 1994 1102 2037 πάλῖ,
1117 1992 1221 2042 quod
1235 1997 1350 2030 πάλιν
1363 1991 1483 2041 signi-

161 2050 266 2087 fleat.
324 2050 442 2087 Linea
471 2050 570 2087 enim
602 2047 852 2099 superducta,
874 2047 907 2084 si
926 2046 1068 2084 vocalis
1098 2045 1297 2095 praecedit,
1326 2045 1482 2095 ponitur

160 2114 230 2152 pro
253 2119 286 2148 ν,
308 2103 340 2140 si
361 2115 597 2146 consonans,
628 2114 695 2152 pro
719 2118 757 2138 α.
790 2099 913 2150 [Add.
947 2106 1030 2137 not.
1061 2099 1225 2135 Porsoni
1254 2098 1303 2135 ad
1326 2097 1484 2134 Homeri

163 2156 310 2206 Odyss.
328 2170 365 2207 p.
392 2158 479 2194 131.
498 2156 547 2193 ed
569 2155 672 2204 Lips.
695 2155 743 2191 G.
762 2154 816 2191 H.
833 2153 890 2201 S.]
911 2153 1013 2203 Ergo
1027 2152 1201 2189 librarius
1217 2151 1248 2187 si
1268 2163 1336 2202 pro
1357 2153 1393 2187 λι
1415 2162 1484 2199 per

163 2221 328 2246 errorem
351 2226 377 2258 μ
398 2209 564 2259 scripsit,
594 2207 859 2256 consequitur,
887 2212 931 2243 ut
958 2217 1082 2243 errare
1110 2212 1247 2254 pergat
1275 2211 1313 2241 et
1338 2203 1482 2241 scribat

163 2262 284 2310 πάμα.
343 2262 580 2299 scholiastes
609 2260 658 2297 ad
688 2260 784 2296 Hec.
811 2260 903 2296 570.
936 2259 1068 2307 μάρτυς
1099 2257 1138 2294 δὲ
1167 2261 1292 2295 τούτου
1320 2258 1422 2293 ἄλλα
1442 2272 1482 2294 τε

162 2318 299 2360 πολλὰ,
331 2317 390 2352 καὶ
414 2316 454 2353 τὸ
474 2320 535 2353 τοῦ
553 2315 786 2364 Σοφοκλέους·
813 2311 896 2349 οὐδὲ
925 2316 997 2361 γάρ
1028 2327 1069 2348 σε
1097 2310 1153 2347 δεῖ
1172 2310 1340 2358 κρύπτειν
1357 2311 1394 2359 μ’
1414 2310 1481 2347 ἔτι.

163 2370 222 2404 καὶ
253 2371 381 2405 ἄλλος·
411 2373 517 2418 μήτ-οι
545 2384 592 2418 με
621 2366 752 2417 κρύψῃς
783 2367 898 2409 τοῦθ’,
926 2366 1013 2412 ὅπερ
1043 2366 1171 2413 μέλλω
1201 2365 1348 2400 παθεῖν.
1405 2363 1481 2401 Pro

165 2422 279 2458 ἄλλος
300 2420 559 2458 Marklandus
589 2419 637 2456 ad
670 2417 807 2468 Suppl.
829 2419 919 2454 296.
948 2418 1143 2467 Αἰσχύλος
1172 2415 1384 2452 emendans
1416 2429 1482 2454 ac·-

163 2481 244 2510 tum
264 2475 364 2524 egit3
387 2474 553 2524 Kingius
573 2473 674 2510 enim
689 2471 770 2520 jam
790 2469 963 2507 ediderat
982 2473 1039 2506 καὶ
1055 2467 1323 2506 ΑΙΣΧΥΛΟΣ
1342 2467 1479 2507 ΠΑΛ.

164 2526 269 2569 Quid
298 2533 426 2564 autem
447 2533 508 2564 est
534 2525 629 2563 illud
659 2522 821 2562 HAA.?
851 2523 956 2559 Nihil
987 2535 1094 2567 sane,
1123 2521 1197 2558 nisi
1221 2522 1349 2566 πάλιν,
1369 2522 1480 2572 cujus

163 2588 307 2626 ultimae
342 2587 464 2626 literae
501 2599 569 2638 per
607 2582 879 2636 compendium
919 2582 1159 2634 significatae‚
1195 2576 1310 2628 πάλᾸ,
1345 2581 1479 2620 oculos
