1566 2789
137 68 194 112 88

138 174 328 217 ἀποσώζειν,
341 174 556 215 ἀποσώζεσθαι
572 176 787 219 (meminisse)

183 220 253 250 xxiv

139 262 211 304 ἀρα,
227 262 270 303 ἀρ’
288 275 323 294 ου
338 262 381 292 vii

139 305 291 347 ἀράσσειν
305 312 337 336 et
351 305 521 346 ταράσσειν
536 307 665 337 confusa
682 309 765 339 1157

140 349 249 390 ἀργός.
273 349 325 379 De
340 349 491 380 feminino
503 351 532 379 11.
549 362 578 380 v.
598 353 657 382 147

140 393 288 433 ἀριστερὰ
303 404 383 433 χειρ,
400 394 493 434 plene
511 396 594 425 1133

142 436 270 477 ἅρκεσις
285 439 350 466 746

140 479 271 520 ἄρσενες
286 484 317 509 et
332 477 484 519 ἅνθρωποι
500 479 630 510 confusa
646 481 709 510 568

141 522 320 563 ἀτάρβητος
338 521 423 552 Add.
438 526 501 554 958

142 565 337 606 ἆνάρμυκτος
352 565 439 596 Add.
454 568 518 596 958

143 653 220 701 αὔρα
234 658 451 694 paioxytonon
466 646 791 691 444.[Le11'1nannus

184 696 219 726 in
248 695 397 726 Addend
422 695 460 724 ad
485 694 615 724 Lucian.
643 700 663 724 t.
688 695 729 724 iv.
759 704 791 733 p.

186 741 255 774 96„
284 738 337 769 ubi
353 738 536 768 Dindorfius
553 737 697 767 xitiosum
714 741 791 775 αἰρα

183 782 258 823 jure
287 787 391 811 mutax
395 786 460 810 erat
482 781 513 810 in
542 780 628 821 αὔρα,
659 780 789 810 “Recte

187 823 316 860 scribi‚”
342 823 479 865 inquit‚‘
486 824 580 864 ἀὔρα
604 829 791 853 monimum

187 867 338 898 Seliaefer
366 869 404 898 ad
428 867 526 908 Long.
555 877 626 908 pag.
654 870 728 898 378.
760 874 791 895 et

187 911 320 942 Porson,
348 910 389 941 ad.
422 910 534 952 Eurip.
560 910 684 940 Hecub.
714 912 789 940 442.

186 952 335 994 (Herm.)
349 952 548 992 Quamquam
562 953 659 982 nostri
674 952 742 981 libri
758 953 791 981 in

189 996 403 1037 compluribus
419 996 509 1035 locis,
522 1000 558 1025 ut
573 995 647 1025 Ver.
665 995 747 1025 llist.
759 995 792 1024 ii.

189 1042 221 1072 5.
236 1039 345 1070 Amor.
363 1049 391 1070 c.
414 1041 446 1069 6.
468 1044 501 1069 et
516 1042 567 1069 12.
583 1043 616 1068 et
631 1038 662 1069 h.
679 1038 699 1069 l.
716 1048 790 1067 0011-

187 1088 307 1113 stanter
326 1086 437 1113 tenent
457 1082 643 1122 scripturam
668 1079 744 1121 αῧρα
760 1086 792 1111 εἴ

190 1124 313 1166 αὖραι.”
352 1125 516 1156 Librorum
527 1125 640 1155 talibus
653 1125 686 1154 in
702 1126 793 1155 rebus

189 1170 277 1200 nulla
303 1173 351 1199 est
377 1168 567 1199 auctoritas:
593 1169 656 1197 duo
686 1172 791 1198 autem

190 1212 300 1243 ultima
325 1216 376 1242 'et
394 1210 493 1253 αὖραῦ
520 1211 585 1241 viro
613 1211 791 1241 doctissimo

189 1255 279 1286 aliud
294 1255 399 1296 agenti
413 1255 608 1286 exciderunt.
625 1254 667 1284 G.
680 1254 727 1285 H.
739 1254 791 1295 S.]

148 1298 242 1332 αὐτὸς
258 1299 324 1329 sine
340 1298 470 1328 articulo
488 1308 549 1328 non
568 1298 650 1328 valet
664 1297 674 1314 ‘
687 1297 793 1334 idem‚’

192 1343 248 1373 sed
278 1341 376 1382 ‘ipse’
403 1344 477 1373 295.
504 1339 598 1372 ἂύτὸς
621 1343 697 1372 295.
713 1341 792 1379 αὐτὴ

191 1390 224 1416 et
260 1384 339 1422 αὕτη
369 1385 500 1415 confusa
524 1387 600 1416 493.
642 1383 733 1415 αὐταὶ
761 1389 794 1415 et

194 1426 284 1459 αὗται
298 1427 426 1458 confusa
443 1427 529 1458 Add.
547 1430 630 1458 1030

149 1471 335 1512 ἀφικνοῦμαι
382 1482 451 1501 011111
491 1470 655 1512 participio
697 1470 794 1502 futuri

191 1514 278 1544 Add.
295 1516 376 1544 1161

146 1556 308 1598 Ἀχαϊκὸς,
321 1555 479 1595 Ἀχαιϊκὸς
493 1558 556 1588 287

148 1599 264 1640 ἄχαριν
278 1598 370 1640 χάριν
385 1602 449 1630 610

148 1642 310 1684 Ἀχιλεὺς,
323 1642 505 1684 Ἀχιλλεὺς,
518 1649 579 1675 cte.
594 1646 654 1675 107

150 1686 246 1726 ἄωρος
257 1689 320 1718 425

460 1777 496 1803 Β.

151 1858 284 1895 βαίνειν.
307 1859 355 1894 βῶ
371 1863 402 1888 et
419 1859 494 1895 στῶ,
511 1857 571 1894 βὰς
587 1864 619 1889 et
631 1858 719 1895 στὰς,
736 1864 796 1890 etc.

153 1945 210 1984 βίη
225 1943 426 1985 Ἡρακληείη,
443 1943 539 1985 ὅσπερ
550 1962 593 1967 —
606 1947 668 1975 293

154 1987 225 2024 βίος
240 1993 273 2018 et
297 1987 406 2023 βίοτος
424 1987 554 2018 confusa
575 1990 668 2019 1012.
684 1986 752 2023 βίος
768 1993 801 2017 et

198 2029 317 2068 πότμος
333 2030 464 2060 confusa
480 2033 564 2061 1252

155 2077 213 2110 βλ.
241 2073 350 2104 Canon
379 2073 519 2103 Dawesii
552 2072 716 2104 chronicus
745 2073 802 2102 has

198 2115 320 2147 litteras
336 2121 481 2156 spectans
492 2119 555 2147 298

156 2158 277 2196 βλέπος
315 2159 448 2189 subaud,
487 2159 569 2189 xxvi.
609 2158 701 2198 [Non
722 2168 800 2199 opus

200 2201 368 2232 subaudiri.
384 2202 426 2232 G.
438 2202 484 2232 H.
498 2201 551 2242 S.]

155 2244 285 2280 βοίδιον,
301 2243 458 2284 βοιδάριον
473 2244 572 2275 xxxvii

157 2286 288 2319 Βοιωτία
303 2286 336 2318 ὗς
347 2287 401 2317 xlii

155 2331 271 2370 βροτὸς
286 2336 320 2361 et
334 2330 445 2369 θνητὸς
460 2330 588 2361 confusa
601 2333 664 2362 819

470 2440 503 2469 Γ.

157 2502 258 2541 γάμος
273 2507 306 2533 et
318 2501 413 2542 γάμοι
428 2501 559 2532 confusa
573 2504 635 2533 352

157 2546 219 2586 γὰρ
233 2553 266 2575 et
278 2558 326 2576 τοι
339 2545 468 2576 confusa
479 2547 542 2576 604

158 2599 208 2628 γε.
233 2589 403 2631 Nunquam
419 2586 557 2618 secunda
581 2586 669 2628 pedis
697 2586 801 2628 trisyl-

574 126 582 133 3
630 82 812 114 INDEX
847 82 1096 116 GRAECUS.

877 177 939 207 labi
962 177 1081 220 syllaba
1099 177 1129 206 in
1149 177 1269 207 senario
1288 188 1356 209 esse
1375 184 1478 218 potest

876 220 916 250 xi.
941 231 1042 262 neque
1059 222 1090 250 in
1109 221 1264 251 trochaico
1282 232 1371 252 versu
1387 222 1479 262 pedis

878 263 1031 306 trisyllabi
1047 265 1144 304 prima
1171 264 1211 294 xi.
1241 269 1248 281 ‘
1260 265 1363 295 etiam’
1387 264 1480 294 xxvii.

877 310 1090 345 xxxv.x1257.
1115 307 1239 347 gravius
1262 308 1336 348 quid
1362 308 1479 349 signifi-

879 360 952 381 cans
969 353 1043 382 772.
1059 357 1127 390 post
1143 349 1187 386 ὃς,
1198 349 1285 382 ὅστις
1298 362 1387 382 xxxv.
1414 351 1478 380 Sae-

878 393 1004 433 pissime
1035 393 1164 433 excidit,
1183 403 1337 434 nusquam
1353 394 1479 434 saepius,

877 446 968 476 quam
1010 443 1083 477 post
1119 434 1210 467 οὗτος
1238 444 1269 467 et
1298 437 1348 468 ὅδε
1382 440 1478 468 1206.

878 479 955 509 Post
969 479 1004 509 οὐ
1018 479 1078 518 μὴν
1099 490 1162 509 non
1185 481 1323 520 sequitur
1347 481 1406 510 nisi
1433 481 1479 510 in-

877 523 1027 562 terposito
1067 523 1128 553 alio
1157 523 1250 552 verbo
1279 527 1352 555 399.
1386 526 1479 556 1206.

878 565 930 595 Sic
945 565 1041 595 etiam
1055 571 1126 605 post
1139 565 1189 596 καὶ
1204 567 1274 604 μὴν,
1286 566 1385 598 καίτοι
1395 572 1425 596 et
1437 567 1478 596 si-

880 608 1072 639 111111112116.
1092 620 1131 647 γε
1143 609 1222 645 δῆτα
1235 609 1318 640 Add.
1336 613 1430 641 1161.
1441 621 1479 648 γε

877 649 984 690 μέντοι
1000 654 1074 682 598.
1097 651 1138 691 γε’
1152 652 1202 683 τοί
1215 665 1246 683 τι
1273 663 1311 683 an
1339 658 1480 684 occurrat

879 697 954 725 598.
982 693 1024 733 γε’
1043 707 1091 725 τοι
1114 696 1155 724 xl.
1177 695 1218 734 γέ
1238 707 1287 726 τοι
1315 696 1352 734 δὴ
1382 697 1481 726 xxxvi.

878 737 1014 776 ὡς-γε
1028 740 1102 769 345.
1120 749 1159 777 γε
1174 746 1205 768 et
1220 751 1257 770 σε
1265 740 1394 770 confusa
1408 742 1481 770 346.

879 782 953 811 842.
969 784 1064 811 1261.
1080 791 1119 818 γε
1134 787 1165 811 et
1175 794 1210 813 τε
1223 783 1351 813 confusa
1365 785 1429 814 705

835 823 930 862 γενεὰ
946 828 978 853 et
990 823 1087 862 γέννα
1101 824 1230 855 confusa
1245 828 1305 857 157

834 867 932 906 γέννα
968 868 1137 897 secundam
1168 869 1298 909 corripit
1344 871 1417 900 157.
1455 879 1480 898 s.

879 908 975 947 γέννα
987 915 1017 939 et
1032 911 1128 949 γενεὰ
1143 912 1272 942 confusa
1288 914 1349 943 157

836 954 987 990 γενναῖος.
1012 953 1064 982 De
1080 954 1228 982 feminino
1245 956 1277 984 h.
1297 966 1323 983 v.
1340 957 1402 984 147

836 995 965 1034 γεραιᾶς
978 999 1011 1024 et
1027 994 1137 1036 γραίας
1149 996 1279 1026 confusa
1293 998 1358 1027 274

837 1038 1012 1077 γίγνεσθαι.
1025 1037 1147 1069 κτείνας
1157 1037 1247 1079 γένῃ,
1259 1038 1390 1079 προδοὺς
1403 1039 1481 1081 γένῃ

881 1080 968 1111 Add.
996 1084 1092 1112 1101.
1117 1080 1262 1120 γενέσθαι
1286 1088 1319 1113 et
1341 1082 1481 1122 γενέσθω

879 1124 1011 1154 confusa
1026 1127 1089 1155 876
1181 1127 1183 1131 ’

836 1172 895 1207 γλ,
911 1177 969 1207 γμ,
992 1178 1044 1207 γν.
1081 1167 1190 1198 Canon
1207 1167 1344 1198 Dawesii
1359 1168 1483 1199 chroni-

880 1220 934 1240 cus
951 1212 1004 1240 has
1020 1210 1138 1241 litteras
1154 1216 1300 1252 spectans
1311 1214 1374 1242 298

837 1252 980 1292 γονάτων
992 1259 1024 1284 et
1039 1253 1201 1292 γουνάτων
1217 1254 1345 1285 confusa
1357 1257 1421 1286 740

837 1295 912 1335 γόος
925 1301 958 1327 et
974 1297 1065 1336 νόμος
1081 1297 1210 1328 confusa
1226 1300 1288 1329 679

836 1339 977 1379 γούνατα
999 1341 1063 1371 viii.
1087 1339 1250 1380 γουνάτων
1280 1346 1312 1371 et
1340 1339 1484 1380 γονάτων

881 1383 1011 1414 confusa
1024 1386 1087 1415 740

837 1426 946 1466 γραίας
959 1432 991 1456 et
1004 1428 1131 1467 γεραιᾶς
1145 1427 1274 1459 confusa
1289 1429 1352 1459 274

838 1469 913 1511 γύα,
929 1468 1004 1509 γυία
1015 1473 1077 1502 453

1143 1561 1182 1588 Δ.

843 1643 891 1675 δαὶ
907 1645 1002 1675 1238.
1018 1642 1066 1673 δαὶ
1078 1647 1109 1673 et
1125 1642 1158 1674 δὲ
1173 1643 1302 1675 confusa
1317 1646 1401 1675 1238

844 1686 971 1725 δαιμόνι’
986 1687 1101 1726 ἀνδρῶν
1116 1687 1145 1716 xl

835 1732 943 1771 ,δαμνᾷ
966 1732 1041 1761 253.
1078 1728 1136 1769 [V.
1162 1729 1292 1760 Porson.
1310 1728 1486 1770 ad.Od=yss.

885 1778 920 1804 A.
932 1775 1007 1804 220.
1023 1783 1054 1813 p.
1071 1775 1122 1804 68.
1140 1772 1192 1803 ed.
1204 1772 1294 1813 Lips.
1313 1773 1354 1802 G.
1368 1772 1416 1803 H.
1431 1772 1484 1813 S.]

843 1815 876 1847 δὲ
910 1815 1146 1850 adversativum,
1180 1815 1262 1846 idem
1300 1815 1364 1846 fere
1402 1818 1485 1856 quod

887 1858 974 1890 ἀλλὰ
993 1859 1069 1888 xliii.
1092 1857 1124 1889 δὲ
1148 1863 1180 1888 et
1206 1859 1243 1896 δὴ
1258 1858 1387 1889 confusa
1406 1861 1487 1889 328.

887 1901 919 1933 δὲ
946 1908 979 1932 et
1003 1901 1050 1932 δαὶ
1072 1901 1202 1931 confusa
1225 1904 1319 1933 1239.
1341 1900 1373 1932 δὲ
1398 1907 1431 1931 et
1450 1913 1487 1931 τε

887 1944 1015 1975 confusa
1030 1947 1082 1975 23.
1099 1947 1150 1976 32.
1166 1947 1241 1976 404.

845 1988 942 2019 δεινὸς
958 1998 974 2016 a
989 1985 1056 2018 δέος
1072 1987 1101 2016 iv

846 2031 929 2070 δεξιὰ
945 2029 1026 2070 χεὶρ,
1043 2031 1136 2070 plene
1155 2031 1236 2060 1133

845 2072 994 2113 δέχεσθαί
1005 2072 1067 2103 τινί
1081 2085 1111 2103 τι
1127 2075 1190 2103 533

845 2117 882 2154 δὴ
894 2122 926 2147 et
941 2115 973 2147 δὲ
989 2116 1116 2146 confusa
1131 2118 1195 2146 328

845 2159 1077 2199 δημοχαριστὴς
1095 2161 1152 2189 131

844 2201 923 2239 δῆτά
936 2213 976 2242 γε
992 2202 1078 2232 Add.
1095 2203 1176 2232 1161

847 2245 1003 2284 διάδοχος.
1048 2245 1100 2275 De
1133 2244 1367 2275 constructione
1401 2245 1433 2275 h.
1461 2255 1489 2276 v.

848 2332 980 2370 διαθρεῖν
993 2331 1083 2360 xxxix

849 2374 990 2409 διακενῆς
1000 2373 1106 2404 ἄλλως
1121 2375 1183 2403 487

850 2415 1015 2446 διαπαντὸς
1027 2416 1074 2447 ἀεὶ
1087 2418 1149 2446 487

849 2458 1044 2499 διαφθείρειν.
1057 2457 1200 2497 διέφθορα
1212 2460 1272 2488 701

845 2501 1033 2532 διδάσκοντα
1050 2499 1240 2532 ἐκδιδάσκειν
1256 2500 1343 2530 xxxvi

845 2544 967 2575 διδόναι.
994 2544 1125 2575 δέδωκεν
1150 2549 1182 2573 et
1218 2542 1333 2573 ἔδωκεν
1361 2541 1490 2572 confusa

880 2590 973 2618 1070.
982 2587 1093 2619 διδόναι
1104 2585 1257 2618 οῑτιθέναι
1267 2585 1394 2617 confusa
1403 2587 1487 2616 1070
1507 2586 1510 2589 ’
