1596 2824
332 76 551 102 ADDENDA
574 78 623 103 IN
648 77 772 103 NOTIS
794 77 853 103 AD
877 78 1106 105 HECUBAM·
1338 68 1393 109 81

65 169 184 218 (cviii.
205 182 242 219 p.
265 171 376 217 453.)
405 170 548 220 legitur
576 171 703 208 minus
733 172 884 222 integer
910 186 1059 218 versus,
1082 172 1320 217 Ἀπόλωλεν,
1352 174 1394 211 ἐν

65 225 184 274 ἑαυτῷ
204 224 270 261 ἐὰν
283 231 389 261 τοῦτο
410 228 540 276 σκοπῇ,
557 237 671 274 quem
694 224 835 263 frustra
849 226 1012 264 tentavit
1028 226 1245 265 Bentleius.
1276 226 1394 277 Lege,

63 278 301 323 Ἀπόλωλεν,
321 277 362 314 ἑν
381 277 499 327 ἑαυτῷ
518 293 568 314 τις
587 279 632 321 ἢν
651 283 755 315 τοῦτο
775 283 903 333 σκοπῇ.

122 329 261 380 Neque
292 335 352 367 est
378 330 485 379 quod
519 330 604 380 quis
633 332 852 377 arbitretur,
889 345 935 369 eo
966 344 1179 382 pronomen
1215 332 1390 383 spurium

65 395 167 428 esse,
187 381 293 433 quod
313 382 443 419 locum
464 389 601 420 mutat.
639 384 779 421 Exstat
800 385 1071 436 Aristophanis
1092 386 1352 435 fragmentum
1369 400 1390 424 e

61 435 473 486 Thesmophoriazusis
495 435 626 473 alteris
658 438 763 487 apud
785 437 929 475 Athen.
950 438 1003 475 iii.
1025 451 1065 488 p.
1090 440 1177 477 104.
1202 439 1247 476 E.
1268 440 1391 490 ’ἰχθῦς

63 505 115 527 τις
134 491 305 536 ἐώνηται,
326 489 347 533 ἢ
369 488 554 535 σηπίδιον,
564 489 622 526 ”H
644 498 716 528 τῶν
728 494 916 528 πλατειῶν
928 491 1098 539 καρίδων,
1121 492 1388 536 ἢπουλύπυυς;

64 542 218 579 Primus
239 555 374 580 versus
406 544 462 580 sic
482 542 623 580 citatur
651 543 715 581 vii.
745 558 783 594 p.
808 546 898 582 3²24.
931 545 976 582 B.
1007 544 1126 595 Ἰχθῦς
1151 546 1309 590 ἐώνηταί
1326 562 1390 583 τις.

65 596 169 633 Num
189 602 228 634 et
240 595 292 633 ibi
306 596 479 646 spurium
491 603 551 633 est
562 613 625 640 τις,
641 597 746 646 quod
761 598 889 635 locum
906 603 1031 636 mutat
1045 598 1061 634 ?
1074 598 1118 634 In
1138 597 1261 648 primo
1275 611 1390 636 versu

64 649 164 686 male
182 647 301 700 Ἰχθύς
319 661 389 699 pro
411 648 600 699 singulari
634 651 739 701 capit
770 651 1004 696 Brunckius,
1038 651 1077 687 in
1112 650 1288 688 secundo
1309 664 1389 688 non

63 701 202 740 melius
222 718 272 740 τις
291 709 382 739 ante
409 702 568 750 καρίδων
587 703 808 754 interpolat.
866 703 1023 751 Κᾶριὸος
1057 703 1222 754 [Voluit‚
1242 704 1393 754 opinor,

65 756 194 804 Καρίς.
220 755 270 793 G.
293 755 348 793 H.
375 754 434 804 S.]
465 756 567 793 enim
606 755 801 793 interdum
836 757 991 807 quidem
1020 757 1234 794 secundam
1269 758 1389 794 corri-

61 808 130 858 pit,
163 821 316 860 semper
345 821 436 846 vero
460 809 623 859 primam
654 810 848 860 producit.
899 809 1007 848 Idem
1037 809 1321 860 Aristophanes
1350 810 1391 847 in

61 860 234 899 Acharn.
267 862 357 899 568.
398 862 474 899 Εἶτ’
494 864 573 899 ἔστι
593 863 885 915 τιςΤαξίαρχος,
913 864 934 908 ἢ
964 865 1180 912 στρατηγὸς,
1213 864 1234 907 ἢ
1267 879 1392 915 τειχο-

61 916 182 966 μάχος
226 916 333 964 ἀνὴρ,
378 913 598 962 βοηθησάτω
644 932 694 953 τις
723 916 878 954 ἀνύσας.
945 917 1009 955 Sic
1037 916 1129 954 olim
1157 915 1264 954 editi.
1311 916 1393 954 Sed

63 967 249 1005 Brunckii
268 975 308 1005 et
328 968 531 1006 Invernizii
551 968 651 1006 Mss.
671 969 747 1007 ε’ίτε
767 985 817 1007 τις
838 971 929 1008 ἔστι.
980 970 1062 1007 Aut
1080 970 1198 1021 igitur
1216 968 1320 1019 prius
1341 986 1393 1008 τις

60 1033 346 1072 expungamus,
375 1021 468 1071 quia
506 1022 612 1059 sedis
650 1028 711 1059 est
736 1023 908 1069 incertae,
941 1029 1009 1061 aut
1040 1022 1272 1068 secundum,
1301 1022 1394 1074 quia

59 1073 161 1112 male
192 1074 412 1125 repetitum.
457 1074 621 1113 Minime
654 1076 842 1126 gentium.
908 1076 1060 1115 Rursus
1096 1076 1201 1114 idem
1240 1076 1391 1114 Aristo-

58 1127 210 1179 phanes
246 1127 287 1165 in
320 1128 730 1179 ThesmophoriazusiS
761 1129 1036 1179 superstitibus
1068 1132 1160 1169 543.
1190 1131 1312 1180 εἰμὲν
1330 1127 1394 1167 οὖν

59 1198 112 1220 τις
148 1183 264 1220 ἔστιν·
312 1183 346 1219 εἰ
392 1180 432 1219 δὲ
467 1185 532 1231 μὴ,
571 1185 680 1220 αὑταὶ
725 1184 857 1233 “Ημε’ἱς
908 1199 954 1231 ’γε
1000 1185 1060 1221 καὶ
1106 1186 1152 1221 τὰ
1200 1181 1392 1232 δουλάρια,

59 1238 197 1287 τέφραν
212 1236 327 1273 ποθὲν
344 1234 549 1283 λαβοῦσαι.
580 1235 734 1273 Citatur
752 1236 815 1274 hie
836 1236 948 1274 locus
969 1249 991 1274 a
1018 1236 1238 1274 Scholiaste
1260 1236 1389 1274 Vene-

61 1294 102 1326 to
122 1287 171 1325 ad
192 1288 305 1327 Iliad.
325 1288 376 1327 A.
403 1290 491 1327 137.
524 1289 563 1325 in
583 1289 803 1340 exemplum
826 1289 946 1327 Attici
977 1290 1295 1336 ἀνανταποδότου,
1314 1289 1390 1328 hoc

61 1341 224 1380 ordine:
247 1343 325 1380 ἐστι
343 1355 408 1380 τις·
430 1343 588 1394 quicum
610 1343 807 1381 consentit
826 1343 951 1381 codex
970 1343 1260 1382 TownleianuS.
1295 1342 1389 1380 Val-

61 1393 111 1433 de
129 1405 260 1433 tamen
278 1408 425 1447 pronus
445 1402 551 1434 esset
577 1396 627 1434 ad
658 1396 897 1443 novandum,
929 1398 995 1447 qui
1027 1397 1199 1448 vulgatae
1231 1396 1389 1434 lectioni

61 1447 138 1486 hoc
158 1449 315 1487 nomine
330 1451 636 1488 controversiam
658 1457 844 1489 moveret.
874 1450 1159 1502 Aristophanes
1177 1451 1248 1488 Av.
1273 1451 1390 1488 1328.

60 1500 173 1541 Πάνυ
191 1505 264 1553 γὰρ
282 1503 423 1552 βραδύς
440 1520 491 1542 τις
517 1505 618 1542 ἐστὶν
635 1507 756 1553 ὥσπερ
776 1505 870 1543 ὄνος.
929 1504 1005 1542 Hic
1026 1518 1159 1543 versus
1181 1504 1390 1554 anapaesti-

60 1568 130 1593 cus
147 1570 235 1595 esse
255 1556 386 1604 debet,
407 1570 496 1596 cum
516 1558 646 1596 versui
670 1560 786 1597 1316.
821 1558 1073 1609 respondeat.
1120 1559 1268 1596 Versus
1285 1557 1389 1595 enim

64 1610 344 1645 1313—1334.
364 1611 403 1644 in
425 1611 611 1658 strophen
633 1618 672 1646 et
702 1612 973 1658 antistrophen
1004 1611 1206 1647 dividendi
1225 1618 1332 1656 sunt,
1353 1616 1392 1649 et

61 1661 100 1698 in
122 1660 297 1698 secundo
317 1660 501 1710 strophes‘
527 1673 641 1698 versu
674 1661 900 1711 legendum,
931 1661 1062 1699 Καλοῖ
1091 1679 1142 1700 τις
1173 1665 1389 1712 ἀνθρώπων,

62 1714 194 1752 deleta
213 1713 425 1764 particula3
462 1714 502 1750 in
539 1714 663 1764 primo
703 1714 967 1765 antistrophes
1002 1716 1269 1766 reponendum
1301 1734 1388 1756 πτε-

61 1768 197 1816 ρύγων,
219 1767 258 1804 in
279 1767 454 1805 secundo
475 1767 686 1804 delendum
706 1766 753 1805 (ιῦ
774 1771 821 1817 γ’,
852 1776 891 1805 et
909 1769 948 1806 in
974 1769 1051 1806 fine
1072 1770 1272 1820 repetendi
1301 1784 1386 1808 ver-

61 1834 128 1859 sus
153 1822 268 1859 1323.
293 1822 407 1858 1324.
451 1821 667 1872 Utrumque
699 1820 749 1858 ςῖν
775 1828 815 1859 et
838 1820 885 1859 αὖ
917 1824 954 1870 γ’
985 1822 1170 1861 omittunt
1203 1823 1388 1862 Brunckii

61 1875 296 1912 membranae
316 1881 356 1911 et
375 1874 600 1912 Ravennas.
641 1874 682 1911 Si
700 1878 807 1912 καλεῖ
824 1888 912 1913 eum
935 1875 1162 1914 Ravennate
1183 1883 1222 1913 et
1249 1876 1389 1916 editio-

62 1927 176 1965 nibus
196 1927 395 1973 retinebis,
413 1940 483 1979 pro
504 1927 533 1964 δ’
554 1929 602 1964 ἂν
630 1927 703 1965 erit
729 1927 773 1972 δὴ
793 1927 1003 1978 legendum
1037 1929 1075 1966 in
1107 1942 1218 1967 versu
1249 1930 1387 1981 primo.

62 1981 115 2017 At
129 1981 325 2032 quomodo
348 1993 480 2018 versus
505 1982 619 2018 1328.
651 1982 914 2031 anapaesticus
947 1981 1105 2019 tandem
1139 1982 1231 2020 fiet?
1264 1983 1388 2022 Nimi-

63 2047 147 2071 rum
167 2034 301 2071 harum
321 2034 492 2084 ipsarum
511 2047 649 2071 vocum
681 2035 999 2085 transpositione,
1019 2049 1109 2085 quae
1140 2036 1177 2073 in
1198 2038 1386 2088 exemplis

64 2099 183 2137 supra
201 2087 328 2125 allatis
351 2094 473 2125 metro
494 2088 588 2125 satis
610 2089 707 2125 bene
734 2089 930 2133 convenit,
963 2089 1001 2125 in
1024 2090 1097 2126 hoc
1117 2102 1231 2127 versu
1252 2100 1382 2130 nocet.

63 2140 289 2190 Legendum
309 2141 426 2187 enlm,
445 2140 557 2178 Πάνυ
575 2144 646 2189 γὰρ
663 2140 801 2191 βραδύς
823 2144 901 2179 ἐστί
921 2158 984 2187 τις,
1003 2144 1123 2191 ὥσπερ
1143 2144 1239 2181 ὄνος.

117 2193 321 2231 Postremo
341 2203 454 2231 erunt
484 2194 663 2241 fortasse,
691 2195 757 2244 qui
790 2197 914 2242 λέγων
941 2197 1042 2232 ἔστιν
1074 2196 1291 2246 elegantius
1312 2209 1384 2246 pu-

63 2252 161 2293 tent,
181 2259 297 2297 quam
324 2247 490 2298 simplex
519 2251 638 2294 λέγει.
668 2247 765 2285 Pars
795 2247 1002 2297 elegantiae
1036 2260 1114 2286 non
1146 2249 1305 2287 minima
1324 2257 1385 2287 est

62 2299 149 2349 ipsa
168 2300 332 2337 varietas
350 2314 359 2343 ;
388 2308 427 2338 et
444 2310 637 2350 quatenus
658 2300 760 2338 hanc
793 2301 1013 2351 assequitur
1036 2301 1172 2347 oratio,
1193 2302 1383 2341 hactenus

63 2353 381 2404 sanejucundior
414 2354 464 2391 ad
495 2354 666 2390 animum
697 2361 736 2391 et
767 2366 879 2391 aures
915 2354 1068 2392 accidit.
1109 2354 1253 2393 Verum
1287 2356 1384 2393 nihil

64 2413 141 2443 tam
162 2406 374 2444 reconditae
407 2412 475 2444 aut
510 2407 659 2444 eximiae
691 2407 898 2457 elegantiae
929 2407 1013 2445 haec
1040 2407 1206 2445 varietas
1239 2408 1383 2446 habere

63 2459 155 2496 mihi
174 2459 335 2505 videtur,
352 2460 445 2509 quin
466 2472 550 2497 eam
572 2460 749 2498 librarius
770 2460 902 2511 paullo
923 2460 1072 2498 doctior
1092 2461 1131 2497 in
1153 2461 1310 2500 alterius
1324 2463 1381 2500 10-

63 2523 150 2551 cum
168 2513 401 2552 substituere
421 2519 566 2565 posset.
594 2514 603 2524 ‘
624 2514 711 2553 Hoc
743 2513 922 2564 exemplo
956 2526 1035 2551 non
1067 2513 1245 2553 dissimili
1275 2514 1384 2554 illus-
