1566 2789
590 461 1028 501 SUPPLEMENTUM

793 656 839 677 AD

422 813 1198 872 PRAEFATIONEM.

150 1142 251 1196 [xv]
268 1125 360 1183 Slc
385 1144 474 1183 sere
497 1146 596 1183 ante
620 1156 761 1184 annos
783 1145 976 1197 quinque
998 1143 1213 1196 praefatus
1237 1155 1347 1193 sum,
1372 1155 1472 1183 cnm

156 1200 392 1240 Hecubam
423 1199 722 1251 Euripideam,
758 1201 880 1240 velut
912 1201 1118 1240 editionis
1151 1211 1280 1239 novae
1325 1200 1473 1251 speci-

152 1268 268 1306 men,
286 1255 474 1296 ederem.
522 1254 677 1307 Nuper
694 1268 811 1305 vero,
833 1269 933 1297 cum
949 1256 1047 1297 Viri
1069 1256 1317 1295 doctissimi
1338 1260 1471 1308 atque

152 1311 472 1361 humanissimi,
494 1312 655 1363 quibus
677 1312 985 1365 Typographei
1016 1312 1149 1352 nostri
1170 1324 1272 1352 cura
1293 1312 1473 1352 deman-

154 1367 256 1408 data
277 1373 360 1416 est,
390 1368 565 1418 dignam
595 1380 773 1420 operam
802 1381 942 1409 meam
966 1368 1262 1422 judicassent,
1284 1382 1382 1420 quae
1415 1382 1473 1409 ex

153 1424 292 1475 praelo
321 1424 497 1476 inclytae
523 1422 780 1465 Academiae
815 1430 976 1466 nostrae
1011 1425 1165 1473 exiret,
1197 1424 1281 1464 hoc
1315 1424 1473 1464 saltem

152 1480 295 1520 facere
326 1481 475 1519 enisus
508 1493 622 1530 sum,
652 1485 701 1520 ut
721 1481 831 1520 hanc
862 1482 989 1522 nimis
1017 1481 1204 1521 fortasse
1238 1481 1472 1532 benignam

153 1548 302 1576 eorum
318 1536 568 1587 opinionem
599 1549 687 1576 non
708 1537 882 1577 omnino
912 1537 1121 1578 fallerem.
1181 1537 1231 1578 In
1253 1538 1368 1577 notis
1390 1538 1471 1589 igi—

152 1597 223 1633 tur
244 1592 445 1644 quaedam
476 1592 640 1642 addidi,
673 1598 752 1634 aut
772 1595 968 1645 mutavi;
1000 1595 1104 1635 nihil
1134 1598 1274 1634 autem
1295 1607 1472 1647 prorsus

152 1648 311 1689 delevi.
357 1648 646 1702 Quaecunque
668 1651 879 1691 momenti
897 1651 1088 1703 alicujus
1107 1664 1203 1691 esse
1220 1651 1386 1704 putavi,
1405 1664 1471 1691 se-

153 1717 297 1745 orsum
312 1705 606 1758 imprimenda
623 1708 798 1756 curabo,
818 1711 867 1747 ut
882 1708 928 1757 ii,
943 1709 1016 1760 qui
1033 1709 1219 1760 priorem
1238 1707 1471 1748 editionem

151 1762 394 1814 possident,
416 1775 548 1815 quam
567 1764 746 1804 minimo
768 1765 909 1816 pretio
931 1764 1140 1805 secundae
1163 1765 1293 1811 bona,
1324 1766 1360 1803 si
1383 1777 1472 1816 qna

152 1821 296 1858 tamen
317 1819 433 1858 bona
451 1820 611 1868 insunt,
632 1820 716 1859 sibi
738 1833 994 1873 comparare
1020 1821 1209 1873 possint.
1271 1820 1401 1869 Quod
1426 1821 1470 1860 in

152 1873 237 1915 fine
259 1876 531 1926 praefationis
554 1876 777 1928 pollicitus
801 1890 910 1926 sum,
933 1877 1008 1917 sed
1032 1881 1223 1929 tempore
1245 1890 1330 1916 non
1355 1890 1470 1928 pree-

151 1930 320 1979 stituto,
344 1932 500 1983 partim
517 1932 647 1972 hodie
666 1937 980 1985 repraesentare
998 1934 1206 1982 conabor,
1229 1938 1274 1972 ut
1296 1933 1471 1973 scilicet

152 1986 206 2026 de
239 1987 524 2027 Scenicorum
566 1987 755 2029 Graeciae
796 1989 1033 2030 Poetarum
1073 1992 1220 2031 metris
1262 1990 1468 2042 quaedam

151 2042 405 2083 disserenda
431 2045 684 2097 suscipiam.
745 2045 847 2086 Hos
868 2059 971 2086 vero
1004 2047 1222 2087 cancellos
1244 2046 1351 2085 mihi
1373 2046 1468 2098 ipse

150 2099 446 2148 circumdabo,
482 2104 531 2140 ut
562 2114 613 2140 ne
648 2105 776 2141 extra
810 2103 1110 2151 iambicorum,
1147 2102 1467 2142 trochaicornm

150 2160 280 2207 atque
322 2162 643 2208 anapaestorum
681 2158 842 2198 limites
884 2159 1095 2210 egrediar.
1158 2158 1286 2207 Quod
1321 2163 1469 2199 tamen

148 2213 404 2264 priusquam
434 2212 569 2262 facio,
603 2226 748 2266 pauca
769 2214 988 2266 quaedam,
1020 2227 1119 2267 quae
1152 2215 1329 2254 brevius
1360 2215 1468 2265 dixi,

147 2268 299 2320 paullo
319 2269 599 2320 explicatius,
622 2270 659 2309 si
680 2275 851 2323 potero,
872 2270 1059 2311 tradam.

195 2325 306 2375 [xvi]
320 2323 406 2377 (A)
421 2325 821 2367 “Avetustioribus
838 2325 978 2367 Mss.”
993 2326 1108 2374 dixi;
1130 2326 1335 2378 quoniam
1351 2326 1467 2367 circa

147 2378 289 2429 finem,
312 2384 357 2420 ut
373 2381 574 2431 arbitror,
596 2383 749 2422 saeculi
766 2382 923 2423 decimi
941 2383 1059 2424 tertii
1078 2383 1170 2422 iota
1190 2383 1467 2422 subscribere

147 2447 324 2488 coepere
344 2437 523 2488 librarii,
555 2437 673 2490 quod
705 2443 833 2479 antea
857 2439 927 2480 vel
956 2439 1225 2491 adscriptum
1258 2443 1365 2487 erat,
1399 2439 1469 2479 vel

148 2494 374 2534 omissum.
438 2493 555 2534 Duae
575 2507 731 2548 nempe
755 2499 878 2535 erant
895 2494 1285 2536 Grammaticorum
1305 2499 1466 2547 sectae3
