1565 2834
442 585 681 636 INDEX
738 584 1074 635 LATINUS.

394 931 434 961 A.

93 1015 293 1046 Accentuum
308 1015 426 1046 utilitas
441 1018 472 1046 1.
503 1015 664 1046 Accentus
678 1020 734 1045 effi-

135 1059 307 1090 cliticorum
338 1062 413 1090 217.
446 1062 522 1090 285.
553 1061 628 1090 291.
657 1060 732 1090 302.

131 1101 293 1134 382.-V.
309 1113 335 1133 s.
347 1113 378 1133 v.
393 1101 521 1133 Gravis.

92 1145 263 1186 Adjectiva
281 1146 385 1176 omnia
410 1144 584 1186 composita
604 1144 684 1174 etin
699 1155 733 1175 ος

132 1189 302 1219 terminata
311 1188 396 1229 apud
403 1188 636 1228 antiquissimos
644 1187 735 1218 Grae-

133 1241 188 1261 cos
203 1242 259 1272 per
272 1231 334 1262 tria
357 1242 474 1273 genera
496 1230 736 1262 declinabantur

91 1277 256 1358 Ariaffgaesti
273 1317 306 1348 in
322 1317 454 1349 senariis
470 1321 501 1348 5.
515 1319 590 1349 284.
611 1316 663 1347 De
679 1326 735 1347 an-

133 1360 229 1401 cipite
258 1361 291 1391 in
321 1361 383 1392 fine
413 1371 519 1391 versus
552 1360 736 1402 anapaestici

90 1406 303 1488 Αῐῗξεῗὲορῇε,
340 1447 438 1488 figura
472 1445 632 1477 rhetorica
661 1449 734 1478 105.

88 1492 252 1563 Arltildix5lus
268 1532 397 1563 iteratus
411 1535 506 1564 Ὑποθ.
553 1532 689 1564 Articuli
702 1532 737 1564 in

133 1576 269 1607 ehoricis
284 1576 405 1606 vitandi
420 1579 482 1608 984

91 1618 310 1660 Augmentum
329 1630 369 1650 an
391 1619 534 1661 Tragicis
556 1619 736 1661 neglectum

136 1665 228 1694 1131.
247 1665 331 1694 1178

396 1802 433 1833 C.

92 1886 170 1918 Cleo
186 1897 204 1917 a
220 1886 360 1918 Comicis
373 1887 537 1922 ‚traductus
556 1889 616 1919 139

92 1930 241 1961 Codices.
287 1930 363 1960 Plus
387 1930 540 1960 momenti
563 1931 602 1961 ad
626 1929 734 1960 lectio-

136 1984 206 2004 nem
222 1973 475 2004 constituendam
491 1973 625 2004 duorum
637 1973 736 2003 diser-

133 2017 176 2047 tis
186 2016 333 2047 codicum
340 2016 531 2047 testimoniis
539 2017 634 2052 inest,
642 2027 737 2057 quam

135 2060 173 2091 ad
201 2061 361 2101 vulgatam
383 2060 616 2091 defendendam
641 2060 736 2090 tacito

134 2110 262 2134 centum
276 2104 423 2134 librorum
441 2104 582 2134 assensui
595 2106 658 2135 314

93 2146 216 2178 Comici
232 2153 356 2177 veteres
371 2157 430 2176 nou
447 2147 549 2176 solum
564 2146 676 2186 poetas
692 2146 737 2176 ci-

136 2196 215 2225 tant,
236 2190 291 2220 sed
306 2189 400 2220 etiam
415 2190 482 2220 ludi
492 2189 622 2230 jocique
644 2199 738 2219 causa

135 2233 238 2263 omnis
253 2233 378 2273 genelis
391 2233 561 2273 scriptores
580 2235 640 2264 139

94 2276 307 2317 Comparativi
335 2282 368 2305 et
396 2275 579 2316 superlativi
614 2275 738 2306 confusi

136 2323 189 2351 67.
205 2322 280 2351 543.
293 2320 367 2350 663.
381 2321 444 2350 741

95 2362 292 2403 Compendia
306 2361 468 2401 scripturae
487 2364 526 2392 12

96 2404 296 2436 constructio
312 2408 432 2435 mutata
445 2404 577 2435 transitu
602 2414 622 2435 a
642 2404 739 2445 parti·

138 2448 221 2489 cipio
236 2449 276 2478 ad
292 2448 421 2478 verbum
436 2448 559 2478 finitum
575 2450 658 2478 1313

97 2490 222 2532 Copula
243 2501 413 2531 suppressa
431 2494 506 2521 750.
550 2490 739 2531 {Plerumque

138 2534 284 2574 copulam
313 2533 444 2574 singulis
472 2533 653 2564 nominibus
683 2534 738 2563 ad-

139 2578 219 2607 dunt
247 2577 383 2616 Tragici,
423 2576 477 2606 sed
516 2587 579 2606 non
617 2587 740 2617 semper

139 2622 201 2651 750

1085 930 1128 961 D.

779 1014 940 1055 Dactylus
954 1015 1094 1055 spondeo
1108 1014 1301 1055 respondens
1317 1016 1380 1045 629

778 1057 915 1088 Dativus
927 1058 1057 1098 pluralis
1075 1061 1104 1090 1.
1127 1058 1275 1089 declinat.
1289 1057 1320 1086 in
1330 1067 1425 1097 -ῃσι

778 1148 788 1163 ‘
798 1143 936 1174 Deditus
949 1143 1006 1180 in‚'
1023 1148 1086 1176 etc.
1100 1147 1166 1176 629

781 1187 1015 1218 Distinctiones
1029 1188 1063 1218 in
1078 1187 1163 1219 Mss.
1179 1186 1315 1228 pessime
1332 1185 1423 1216 habi-

821 1235 862 1260 tae
881 1234 963 1262 1106
1389 1238 1392 1243 “

781 1273 908 1304 Doricae
924 1273 1054 1304 dialecti
1067 1283 1144 1304 usus
1169 1272 1255 1314 apud
1276 1271 1426 1312 Tragicos

823 1319 877 1348 97.
895 1320 967 1348 157.
984 1319 1058 1348 188.
1073 1320 1149 1348 211.
1163 1318 1238 1348 446.
1251 1318 1313 1347 734

781 1359 903 1391 Duales
917 1360 1031 1390 formas
1044 1359 1164 1391 librarii
1179 1358 1352 1400 saepissime
1369 1357 1424 1388 ob-

821 1402 962 1433 litterant
977 1406 1039 1435 812

781 1445 905 1477 Ductor
917 1449 982 1478 426

1084 1563 1123 1594 E.

782 1646 893 1678 Elisio.
939 1646 1171 1688 Diphthongus
1195 1652 1269 1677 ante
1299 1646 1424 1677 brevem

825 1690 966 1719 vocalem
992 1690 1068 1717 elidi
1105 1698 1168 1716 non
1197 1695 1302 1726 potest
1332 1692 1426 1717 1090.

824 1731 922 1761 Elisio
937 1729 1127 1770 diphthongi
1144 1741 1174 1760 αι
1188 1732 1264 1761 984.
1299 1729 1425 1760 vocalis

822 1774 856 1805 in
884 1774 945 1804 fine
972 1783 1082 1804 versus
1112 1772 1189 1802 elidi
1218 1782 1281 1802 non
1306 1778 1423 1812 potest,

822 1817 884 1848 nisi
897 1817 1018 1859 syllaba
1033 1817 1127 1856 longa
1143 1816 1303 1856 praecedat
1317 1818 1382 1847 510

780 1860 1004 1891 Eucliticorum
1028 1865 1190 1890 accentus.
1214 1858 1256 1891 V.
1274 1869 1298 1889 S.
1313 1870 1344 1889 v.
1360 1858 1425 1889 Ac-

821 1909 934 1935 centus

779 1947 946 1988 Euripides
961 1946 1143 1987 tautologus
1157 1947 1232 1977 289.
1259 1944 1427 1986 Euripides

822 2001 904 2022 curae
914 1989 1060 2020 secundae
1068 1989 1103 2019 in
1113 1989 1233 2020 Medea
1242 1991 1316 2020 300.
1329 1991 1424 2020 1314.

823 2033 950 2064 Aldinae
974 2032 1125 2063 lectiones
1146 2033 1179 2062 in
1201 2031 1379 2072 Iphigeniis
1395 2036 1427 2061 et

824 2076 1026 2118 Supplicibus
1042 2079 1103 2108 675

1084 2194 1121 2225 F.

782 2280 901 2311 Futura
931 2279 1037 2310 media
1066 2279 1187 2320 passive
1218 2279 1427 2320 significantia

825 2326 888 2355 336

1085 2449 1126 2479 G.

785 2532 896 2564 Genus
919 2533 1127 2564 masculinum
1151 2532 1190 2564 de
1205 2532 1336 2563 muliere
1352 2536 1427 2564 763.

826 2576 990 2606 Transitus
1013 2586 1032 2606 a
1055 2576 1225 2607 masculino
1248 2586 1362 2617 genere
1388 2577 1428 2607 ad

826 2624 971 2650 neutrum
987 2622 1050 2651 139
