1565 2834
495 72 674 105 INDEX
711 69 962 103 GRAECUS.

63 186 180 225 μέντοι.
227 185 312 216 Elidi
332 195 396 216 non
413 190 519 227 potest
540 185 709 226 diphthon-

109 240 168 270 gus
185 229 215 259 in
230 241 291 264 τοι,
307 229 363 259 sed
378 240 434 270 per
449 230 552 259 crasin
567 229 711 259 vocalem

108 274 234 313 longam
249 274 345 303 efficit
360 275 435 303 863.
471 273 582 313 [Conf.
598 272 710 314 1090.]

108 316 215 355 μέντοι
230 322 263 347 et
274 316 331 355 μέν
347 328 397 348 σοι
409 317 492 348 conf.
507 319 569 348 545

65 359 279 399 μετακλάομαι
295 363 359 391 992

66 402 298 444 μεταστένομαι
312 406 375 435 992

66 447 109 486 μὴ
121 453 155 478 et
169 446 205 478 οὒ
219 451 294 479 811.
316 447 358 486 μὴ
375 457 446 477 cum
463 446 620 488 conjunct.
634 456 712 486 prae-

109 495 193 521 sent.
214 497 247 520 et
271 501 333 521 aor.
348 494 423 521 217.
439 490 482 529 μὴ
495 501 563 520 cum
579 490 713 520 indicat.

108 534 168 564 fut.
183 535 258 565 818.
273 534 316 573 μὴ
331 539 363 564 et
378 533 436 572 μὲν
450 533 580 564 confusa
595 536 670 564 500.

66 576 155 615 μηδέ.
169 578 251 616 μηδ’.
289 578 340 607 De
357 583 489 607 accentu
502 579 532 607 3.
554 579 623 607 101.
639 578 713 607 599.

110 623 207 652 1087.
223 623 319 652 1211.
341 620 419 658 μηδὲ
434 626 465 651 et
487 618 567 659 μήτε
583 620 714 650 confusa

66 705 222 745 μηδέποτε
238 712 270 736 et
284 705 404 745 μήποτε
416 706 548 736 confusa
562 708 627 737 632

66 750 139 788 μήν.
154 749 204 780 καὶ
218 750 363 788 μὴν-γε
381 753 464 780 1090

65 792 194 833 μήνιμα,
209 794 299 832 μῆνίς
310 805 371 823 τινι
384 796 449 825 948

66 836 189 875 μήποτε
205 842 238 867 et
252 837 410 874 μηδέποτε
422 836 505 866 conf.
521 838 584 867 632

68 880 149 918 μήτε
163 885 196 910 et
209 879 287 918 μηδὲ
303 880 431 910 confusa
443 882 506 911 617

68 922 187 962 μιγνύω
203 926 265 954 744

68 966 187 1008 μικρὸς,
204 965 334 1006 σμικρὸς
349 968 411 997 172

66 1009 189 1049 μίμνειν
204 1016 237 1040 et
251 1009 354 1047 μένειν
369 1008 499 1039 confusa
512 1009 574 1039 4-ss

68 1054 215 1092 μνᾶσθαι.
255 1051 483 1091 μνησθήσομαι,
520 1049 717 1090 μεμνήσομαι

68 1140 171 1179 μοῦσα
188 1141 262 1170 139.
281 1141 363 1170 1079

69 1183 205 1221 μουσοῦν
222 1185 307 1212 1079

68 1225 251 1266 μοχλευτὴς
267 1225 351 1256 ἐπῶν
360 1226 379 1255 ‘l
386 1226 448 1255 314

68 1269 126 1308 μῦς
141 1268 275 1300 θύλακον
290 1268 453 1307 διαφαγὼν
472 1269 532 1298 139

69 1312 166 1354 μωρία
178 1318 211 1343 et
226 1311 318 1352 ζημία
332 1311 464 1342 confusa
482 1312 563 1341 1225

374 1456 414 1485 Ν.

72 1558 89 1576 ν
112 1544 334 1588 paragogicum
351 1547 403 1575 76.
419 1546 494 1575 926.
510 1545 606 1574 109-1.
622 1544 718 1573 1210.

116 1601 134 1619 ν
158 1597 268 1619 natum
297 1598 334 1617 ex
360 1587 426 1617 iota
455 1586 615 1624 adscripto
642 1588 716 1616 264.

116 1634 191 1664 953.
218 1644 234 1663 ν
260 1637 293 1660 et
315 1630 339 1661 δ’
360 1630 491 1661 confusa
505 1631 600 1660 1117.
624 1640 641 1659 ν
657 1634 720 1668 etp

115 1675 246 1706 confusa
259 1677 320 1704 937

74 1719 158 1749 ναῦς.
192 1717 242 1747 De
260 1717 398 1756 genitivo
414 1716 447 1745 h.
460 1727 490 1746 v,
506 1717 568 1746 523

73 1760 214 1800 νεοδμὴς,
233 1759 401 1797 νεόδμητος
419 1761 501 1790 1363

74 1802 236 1843 νεοζυγὴς,
252 1801 410 1841 νεόζυγος,
428 1800 533 1840 νευζὺξ
552 1803 633 1832 1363

74 1847 203 1888 νεοκρὰς
225 1845 318 1886 φίλος
344 1848 417 1877 138.
441 1843 578 1885 νεοκρὰς,
595 1842 720 1885 νεόκρα-

116 1902 172 1922 τος
191 1893 271 1922 1363
591 1897 597 1902 ’

72 1932 296 1971 Νεοπτόλεμος
312 1935 374 1963 139

76 1976 143 2009 νέος
159 1981 192 2007 et
206 1975 300 2007 κακὸς
316 1974 447 2004 confusa
462 1975 502 2004 34

74 2019 240 2058 νικώμενος
255 2025 288 2048 et
302 2017 481 2055 ἡττώμενος
493 2015 623 2046 confusa
636 2018 718 2046 1011

74 2063 122 2094 νὶν
143 2063 243 2093 forma
268 2061 386 2100 tragica
413 2063 485 2092 139.
511 2059 559 2089 νὶν
583 2064 615 2088 et
630 2059 683 2089 νῦν
696 2069 722 2088 S.

118 2118 171 2137 νυν
186 2105 271 2136 cons.
288 2106 359 2135 181.
376 2106 459 2135 1293

75 2150 147 2181 νοῦν
158 2148 275 2183 θέσθαι,
292 2154 353 2176 etc.
369 2149 384 2176 7
392 2148 433 2176 36

74 2193 140 2229 νῦν,
158 2203 212 2223 νυν
226 2193 301 2222 101.
318 2190 372 2220 νῦν
387 2199 413 2220 s.
431 2199 484 2219 νυν
499 2194 532 2218 et
546 2187 592 2218 νὶν
607 2186 719 2218 confu-

117 2245 154 2266 sa
169 2237 244 2266 181.
260 2235 343 2264 1293

75 2277 141 2309 νυνὶ
156 2287 196 2308 an
210 2277 365 2317 tragicum
381 2277 443 2306 157

75 2322 180 2362 νωμᾷν
194 2323 258 2352 664

382 2462 404 2471 -ι

382 2473 416 2492 :2-

75 2554 184 2593 ξεῖνος,
199 2552 285 2593 ξένος
299 2554 363 2584 434

77 2595 133 2636 ξὺν
151 2599 186 2628 11

75 2640 227 2680 ξυναντᾷν
239 2644 273 2669 et
288 2637 440 2679 ξυναρτᾷν
454 2635 538 2668 conf.
550 2639 614 2669 564

162 2683 281 2723 Ειιήρ.
296 2683 386 2714 Med.

1346 53 1404 96 97

1058 185 1096 212 0.

754 277 770 296 ο
787 269 819 296 et
833 277 854 297 σ
869 265 999 296 confusa
1012 268 1075 297 734

752 310 780 346 ὁ,
803 308 834 346 ἡ,
858 308 907 341 τό.
934 309 963 340 οἳ
985 309 1023 345 ’ν,
1050 309 1105 340 ὀῦν
1130 310 1206 340 815.
1243 307 1285 339 τὰ
1309 311 1342 338 et
1360 308 1401 340 σὰ

797 353 929 383 confusa
944 356 1007 384 995

753 395 810 434 ὅγε
827 401 859 426 et
875 396 926 427 ὅδε
942 396 1070 426 confusa
1085 397 1169 428 1129

754 439 816 470 ὅδε.
833 439 884 471 ὅδε
899 438 932 471 δὲ
949 442 1024 471 314.
1039 438 1132 478 δέμας
1146 438 1219 471 τόδε
1234 448 1291 479 pro
1307 437 1402 478 δέμας

796 483 912 523 τούμὸν
937 486 1011 515 389.
1036 483 1115 519 τοδὶ,
1140 482 1213 522 τῳδὶ
1229 492 1267 512 an
1283 483 1401 523 tragica

799 528 872 558 157.
885 526 936 558 ὅδε
952 532 985 556 et
1000 526 1057 566 ὅγε
1073 526 1205 557 confusa
1220 529 1314 557 1129.
1327 525 1400 556 τόδε

798 575 830 600 et
844 569 918 601 τάδε
934 570 1063 601 confusa
1078 573 1130 601 72.
1147 572 1221 601 158.
1237 572 1311 600 889.
1325 567 1400 599 τόδε

799 618 833 643 et
856 612 930 644 τότε
954 613 1086 644 confusa
1109 616 1184 644 889.
1206 612 1261 649 ἥδε
1284 622 1317 643 et
1331 611 1350 650 ἡ
1367 611 1400 643 δὲ

798 657 929 687 confusa
949 659 1041 688 1153.
1057 659 1152 688 1180.
1173 654 1267 693 τήνδε
1287 661 1320 686 et
1342 655 1402 693 τὴν

799 698 832 730 δὲ
847 700 979 730 confusa
995 703 1093 731 1242.
1107 702 1189 731 1313

756 741 913 783 ὀδύρεσθαι
928 746 988 774 160

756 798 783 816 οι
799 797 838 815 an
854 786 929 816 elidi
951 796 984 826 p>
996 785 1054 816 ssit
1076 790 1148 816 ante
1165 798 1184 817 α
1196 785 1291 817 breve
1308 787 1403 817 1090.

799 835 871 859 ante
886 841 906 867 η
923 831 984 859 863

757 884 784 902 οι
802 878 833 902 et
850 884 869 902 α
884 872 1014 902 confusa
1028 874 1080 903 44.
1097 874 1159 902 675

757 913 790 945 οῗ
801 918 863 946 734

756 957 834 989 οἶδα.
851 957 924 997 σάφ’
939 956 994 988 οἶδ’
1009 957 1082 996 ἐγὼ,
1099 956 1173 998 σάφ’
1187 956 1242 988 οἶδ’
1258 956 1306 988 ὅτι
1317 959 1382 989 959

756 1000 837 1032 οἰκία
853 1008 885 1032 et
901 1000 991 1032 ἑστία
1005 1001 1137 1031 confusa
1154 1004 1235 1032 1127

757 1043 915 1084 οἰκτείρειν
929 1050 962 1074 et
977 1042 1121 1084 οἶκτίζειν
1135 1044 1267 1075 confusa
1281 1046 1343 1075 655

758 1087 872 1123 οἶκτος,
889 1087 958 1119 εἷ-
973 1090 1036 1119 927

757 1132 875 1162 οἴσεται
891 1137 922 1161 et
937 1131 1048 1171 ᾅσεται
1063 1130 1145 1161 cons.
1159 1133 1201 1162 44

758 1173 834 1205 οἶσθ’
850 1180 881 1204 et
894 1174 953 1206 ἴσθ’
971 1174 1102 1205 confusa
1113 1176 1177 1204 694

758 1217 862 1248 οἰστὺς
873 1217 1052 1258 disyllabon
1068 1216 1244 1246 Atticorum
1254 1218 1319 1247 634

759 1261 868 1296 ὄλβιος
884 1266 916 1290 et
931 1259 1077 1299 εὐδαὶμων
1090 1260 1173 1291 conf.
1190 1262 1272 1290 1225

758 1303 920 1343 ὀλίγιστος
936 1306 999 1335 139

756 1346 918 1385 ὀλόμενος,
936 1345 1103 1385 οὐλόμενος
1119 1348 1202 1377 1248

758 1390 936 1431 ὁλοσχερὴς
965 1400 1004 1420 an
1037 1389 1178 1430 Tragicis
1217 1393 1403 1429 usurpatum

760 1475 853 1515 ὄμμα.
897 1475 1068 1516 Singularis
1093 1479 1127 1506 et
1156 1473 1289 1516 pluralis
1317 1474 1350 1506 h.
1377 1484 1406 1504 v.

803 1519 927 1549 confusi
943 1522 1006 1550 852

760 1561 870 1600 ὀμνύω,
888 1560 996 1601 ὄμνυμι
1010 1562 1074 1592 744

761 1604 889 1645 ὀπάζειν
904 1608 978 1636 425.
995 1602 1119 1643 ὀπάζειν
1134 1604 1211 1634 ἐν-
1224 1606 1290 1635 629

761 1648 821 1685 ὅπη
833 1654 867 1678 et
879 1647 957 1678 ὅπου
972 1647 1104 1678 confusa
1118 1649 1205 1686 1008

761 1691 838 1722 ὅπου
853 1696 886 1721 et
902 1690 960 1727 ὅπη
973 1690 1105 1721 confusa
1117 1692 1201 1721 1008

761 1734 842 1765 ὅπως
858 1745 926 1764 cum
943 1734 1139 1764 futuro-323.
1160 1735 1253 1765 1092.
1279 1732 1359 1764 ὅπως
1374 1738 1407 1763 et

804 1778 868 1808 πῶς
884 1777 1009 1807 confusa
1028 1778 1108 1807 1131

761 1821 838 1861 ὃρᾷν
853 1825 886 1849 et
901 1821 1015 1861 ἐσορᾷν
1029 1819 1160 1849 confusa
1175 1821 1258 1851 1095

763 1863 851 1903 ὅρκος
867 1863 945 1902 quid
961 1862 1088 1903 proprie
1104 1866 1141 1893 21

761 1906 806 1941 ὃς,
822 1906 851 1943 ἢ,
869 1905 895 1936 ὅ.
913 1905 932 1936 ἅ
946 1918 994 1944 με,
1011 1903 1078 1942 ἰἁμὲ
1097 1908 1177 1936 1011

763 1949 872 1989 ὅσπερ.
900 1949 989 1989 ἥπερ,
1029 1948 1114 1989 ὅπερ.
1154 1948 1233 1988 ἤπερ
1270 1946 1408 1986 μεγίστη

805 1991 950 2030 γίγνεται
966 1991 1103 2032 σωτηρία
1118 2001 1173 2031 pro
1187 1991 1306 2031 ‘dn-ep—
1324 1994 1360 2021 14

763 2035 850 2071 ὅταν,
872 2035 905 2064 in
925 2035 955 2064 M
963 2046 1005 2066 εξ..
1030 2044 1114 2074 saepe
1136 2034 1282 2064 scribitur
1303 2033 1347 2064 ὅτ’
1369 2033 1407 2065 ἂν

763 2121 799 2152 οὗ
813 2128 845 2151 et
859 2120 901 2159 μὴ
917 2123 992 2151 811.
1014 2120 1049 2151 οὗ
1073 2125 1105 2150 et
1119 2118 1171 2151 καὶ
1187 2118 1320 2150 confusa
1335 2121 1409 2150 405.

783 2164 843 2211 „ab
858 2175 963 2194 κατ-
972 2169 1005 2193 et
1019 2163 1076 2194 οὐκ
1092 2163 1175 2194 ἐπ-
1185 2163 1316 2194 confusa
1331 2165 1393 2193 750

763 2210 799 2237 οὑ
814 2210 878 2239 734

762 2249 842 2285 οὐδὲ,
865 2250 939 2280 οὔτε
961 2252 1037 2281 442.
1059 2247 1129 2280 οὐδὲ
1144 2253 1178 2280 et
1193 2247 1266 2288 οὐχὶ
1280 2248 1411 2279 confusa

806 2296 870 2324 259

762 2335 912 2367 οὐδέποτε
927 2335 966 2366 de
982 2340 1123 2376 tempore
1139 2334 1300 2375 praeterito
1317 2336 1379 2364 139

763 2379 862 2410 οὐθεὶς
878 2379 1000 2409 serioris
1016 2385 1064 2408 est
1076 2377 1237 2408 Atticismi
1250 2379 1323 2408 128.
1338 2379 1411 2407 139.

811 2422 922 2462 [Conf.
947 2422 1070 2462 praefat.
1095 2420 1135 2450 ad
1151 2420 1274 2450 Hecub.
1289 2430 1321 2460 p.
1336 2420 1412 2449 xliv.

809 2471 841 2495 et
866 2464 1033 2495 Meletem.
1062 2462 1141 2495 Crit.
1167 2474 1201 2504 p.
1234 2464 1320 2497 113„
1358 2462 1413 2492 uhi

808 2508 892 2548 quod
908 2507 958 2538 ἐπὶ
974 2508 1082 2549 σχολῇ
1103 2504 1286 2536 mutandum
1302 2505 1412 2535 censui

807 2551 842 2581 in
865 2550 914 2581 ἐπὶ
933 2552 1068 2589 σχολῆς,
1093 2559 1216 2584 moneo,
1239 2548 1289 2580 ἐπὶ
1304 2550 1414 2590 σχολῇ

809 2594 925 2634 legisse
938 2594 1036 2624 mein
1052 2593 1176 2624 Galeno
1189 2592 1229 2624 T.
1244 2602 1275 2622 v.
1293 2602 1324 2632 p.
1339 2595 1414 2624 312.

811 2636 860 2667 ed.
876 2637 965 2679 Lips.
979 2643 1012 2668 et
1028 2636 1078 2668 ἐπὶ
1088 2637 1201 2678 πολλῇ
1211 2636 1320 2709 σχιίλῇ
1335 2634 1410 2667 ibid.
