1606 2803
298 72 714 106 SUPPLEMENTUM
749 72 816 104 An
850 72 1239 104 PRAEFATIONEM.
1371 63 1453 105 xxi

110 178 210 233 quis
231 192 380 221 veram
411 179 646 221 lectionem
670 192 821 220 eruere
852 179 1039 234 posset?
1101 178 1154 219 Id
1173 182 1331 228 tamen,
1356 178 1454 231 qui-

110 250 287 291 cunque
324 250 479 278 aurem
512 237 690 288 habeat,
729 236 882 278 videre
916 237 1074 292 possit,
1109 248 1195 277 non
1230 249 1330 277 esse
1363 240 1455 276 tam

110 293 448 336 immodulatum
470 296 691 336 senarium
715 295 771 336 ab
806 294 1016 349 Euripide
1037 294 1302 349 profectum.
1363 293 1456 334 Sed

111 351 234 393 aliud
272 358 343 394 est
381 366 569 394 errorem
604 352 815 403 indicare,
857 353 978 394 aliud
1023 352 1256 404 corrigere.
1318 350 1456 392 Dedit

109 409 407 452 Marklandus
441 424 466 451 e
496 410 608 451 RISS.
643 410 780 457 Πολιὸς
809 407 896 465 ἀνὴρ
917 409 1087 465 τύραννος
1116 408 1295 461 εὐδαίμων
1323 407 1452 463 πάρος·

109 468 230 521 quod
266 470 303 509 si
337 482 425 510 non
455 482 620 519 verum,
650 482 755 510 vero
789 475 908 509 certe
943 468 1192 522 proximum
1225 469 1360 520 puto3
1393 466 1456 507 la-

109 529 200 566 tere
235 526 350 567 enim
379 527 423 567 in
445 525 624 568 Aldinae
659 526 868 568 lectionis
902 526 1137 567 ruderibus
1174 529 1305 566 tenue
1339 525 1455 565 veri·

109 583 213 624 tatis
248 585 489 638 vestigium
526 584 753 634 existim03
788 583 963 625 scilicet
991 597 1018 625 a
1050 582 1187 637 poeta
1222 581 1455 635 scriptum,

110 641 248 689 Πολιὸς
277 640 364 698 ἀνὴρ
396 640 568 697 τύραννος
605 640 804 694 ἰσοδαίμων
828 640 957 697 πάρος,
994 640 1156 682 deinde
1185 640 1275 681 levi
1310 652 1453 680 errore

108 703 325 741 mutatum
368 697 568 753 ἰσοδαίμων
602 701 647 741 in
685 698 878 752 εὐδαίμων·
924 699 1046 754 quod
1082 711 1260 739 monere
1295 697 1453 739 volens

108 756 333 808 librarius,
368 762 444 800 aut
466 759 578 799 inter
598 770 756 799 versus
788 761 865 799 aut
893 758 937 798 in
970 757 1166 810 margine
1197 756 1374 797 notavit
1396 757 1452 795 ἲσο

107 813 345 868 legendum
366 829 446 870 pro
467 817 519 856 εὖ.
558 815 714 866 illud,
747 819 796 856 ut
826 815 889 866 fit,
922 814 998 855 alii
1028 814 1279 868 neglexere,
1312 813 1455 854 altera

107 871 306 915 lectione
338 874 562 926 contenti3
595 874 671 915 alii
701 873 858 915 leviter
880 872 1175 926 depravatum
1202 872 1248 912 in
1280 874 1455 913 textum

108 929 308 981 intulere,
340 936 391 973 ut
411 933 515 973 talis
536 931 626 972 sere
647 944 804 973 versus
826 930 1003 972 tandem
1026 930 1270 971 exstiterit:

283 990 421 1036 Πολιὸς
442 987 530 1045 ἀνήρ
552 988 723 1043 τύραννος
743 989 961 1040 εὐδαιμονῶν
981 985 1071 1034 ’ἴσως
1091 986 1222 1042 πάρος.

110 1044 358 1096 Corrector,
399 1051 490 1088 tam
530 1046 696 1087 enormi
734 1058 869 1086 versu
903 1044 1110 1095 offensus,
1145 1044 1316 1102 τύραννος
1345 1044 1455 1085 reci—

110 1103 258 1145 dendo
280 1105 338 1146 ad
360 1108 498 1145 metra
525 1117 626 1144 eum
658 1103 858 1156 redigere
891 1106 1081 1144 conatus
1112 1106 1194 1144 est.
1254 1101 1455 1155 Aptissi-

108 1174 227 1203 mum
249 1167 400 1204 autem
431 1167 616 1216 tyranno
638 1161 709 1202 vel
736 1160 959 1215 tyrannidi
988 1159 1218 1213 epitheton
1240 1158 1454 1210 ἰσοδαίμων.

109 1219 311 1274 AEschyl.
347 1221 471 1262 Pers.
503 1219 604 1261 636.
633 1216 695 1259 *H
727 1220 756 1275 ῥ’
793 1217 864 1259 ἀίει
898 1233 970 1271 μου
1001 1216 1223 1272 μακαρίτας
1255 1216 1454 1270 ἰσοδαίμων

108 1276 316 1329 βασιλεύςς
350 1278 482 1319 Plato
504 1277 621 1332 Rep.
639 1276 733 1319 viii.
754 1289 843 1318 non
861 1276 993 1330 longe
1016 1288 1044 1317 a
1062 1275 1146 1316 fine
1169 1274 1222 1316 de
1242 1274 1455 1329 Euripide

110 1335 188 1385 ait,
228 1335 304 1376 Καὶ
339 1337 386 1383 ὥς
423 1331 559 1376 ἰσόθεόν
593 1351 641 1389 γε
669 1332 735 1384 τὴν
768 1332 966 1390 τυραννίδα
998 1333 1240 1387 ἐγκωμιάζει.
1313 1331 1454 1387 [xxx]

110 1391 286 1436 Habuit
318 1395 361 1436 in
394 1394 544 1435 animo
580 1392 744 1434 Troad.
765 1393 893 1435 1177.
925 1388 1064 1443 Γάμων
1082 1407 1124 1430 τε
1145 1389 1210 1431 καὶ
1231 1392 1295 1439 τῆς
1317 1389 1454 1431 ἰσοθέου

108 1450 327 1504 τυραννίδος.
390 1451 540 1494 Notus
568 1456 638 1492 est
657 1449 926 1505 Ariphronis
954 1449 1153 1504 Sicyonii
1176 1448 1317 1490 Paean
1337 1448 1457 1503 apud

66 1508 69 1511 ’
110 1506 274 1551 Athen.
296 1523 370 1552 XV.
393 1523 438 1564 p.
459 1509 558 1551 702.
578 1507 636 1549 A.
671 1511 746 1556 Τᾶς
766 1509 799 1549 τ’
821 1506 1029 1560 εὐδαίμονος
1050 1504 1246 1561 ἀνθρώποις
1273 1505 1455 1558 βασιληί-

109 1566 166 1613 δος
205 1569 349 1623 ἀρχᾶς.
410 1567 487 1609 Sic
530 1566 751 1608 editiones
783 1565 1054 1615 Casauboni,
1092 1564 1169 1619 qui
1207 1570 1357 1606 tamen
1398 1576 1458 1606 ex

111 1623 321 1678 Epitome
362 1625 470 1678 legit
511 1623 754 1677 ἰσοδαίμονος,
796 1624 915 1679 quod
964 1623 1128 1664 habent
1176 1623 1310 1664 etiam
1353 1621 1460 1663 Plu-

111 1682 291 1724 tarchus
326 1683 378 1724 de
401 1683 519 1724 Virt.
555 1682 669 1724 Mor.
700 1697 746 1737 p.
780 1683 881 1723 4:30.
915 1682 971 1723 B.
1003 1680 1059 1721 de
1092 1679 1215 1722 Frat.
1243 1678 1389 1723 Amor.
1412 1693 1456 1733 p.

110 1739 210 1782 479.
231 1739 291 1783 A.
315 1742 483 1782 Sextus
520 1739 772 1794 Empiricus
806 1739 909 1781 adv.
938 1738 1155 1780 Mathoni.
1184 1737 1246 1779 xi.
1276 1737 1350 1779 49.
1404 1737 1458 1777 In

112 1798 309 1840 editione
347 1798 514 1839 Aldina
548 1795 753 1839 Athenaei
784 1801 852 1839 est
889 1794 1106 1849 ἰζδαίμονος,
1147 1795 1271 1850 quod
1301 1794 1456 1848 Typo·

112 1855 247 1898 thetae
279 1856 455 1897 videtur
484 1859 687 1905 erratum,
713 1854 790 1908 qui
811 1853 834 1892 C
855 1854 919 1907 (id
940 1859 1009 1895 est
1038 1853 1103 1905 σο)
1125 1866 1226 1893 cum
1250 1853 1272 1891 C
1300 1851 1457 1893 confu-

113 1914 239 1955 derit.
302 1914 497 1955 Diverso
530 1925 667 1953 sensu
695 1912 811 1953 dixit
833 1909 1051 1964 ἰσοδαίμονα
1073 1909 1297 1951 Pindarus
1321 1908 1455 1951 Nem.

113 1972 172 2014 iv.
199 1972 299 2013 137.

172 2029 406 2071 Hactenus
425 2027 540 2069 haec.
600 2026 736 2069 Nunc
768 2026 825 2068 ad
853 2026 977 2069 aliud
1008 2039 1196 2068 caesurae
1219 2038 1360 2079 genus
1382 2037 1456 2066 ace-

113 2087 327 2137 cedimus,
351 2099 486 2140 quam
509 2085 659 2140 potius
676 2088 688 2106 ‘
706 2082 920 2138 pausam'
944 2084 1049 2125 ideo
1080 2083 1307 2125 nominare
1328 2083 1454 2133 libet,

114 2145 323 2199 quoniam
347 2157 513 2193 versus,
537 2144 615 2197 qui
643 2156 915 2184 caesurarum
947 2155 1083 2196 supra
1112 2146 1455 2182 memoratarum

113 2203 279 2244 nullam
302 2202 478 2251 habeat,
501 2201 755 2242 necessario
786 2201 935 2242 minus
957 2199 1213 2240 modulatus
1237 2201 1330 2250 est3
1363 2210 1458 2239 ver-

115 2273 191 2302 sus
206 2273 322 2310 vero,
337 2260 412 2314 qui
429 2257 612 2312 ‘pausa'
633 2261 803 2308 careat,
818 2271 905 2298 non
919 2262 990 2298 est
1007 2257 1219 2298 continuo
1237 2255 1457 2296 immodu-

113 2318 243 2359 latus.
308 2317 377 2358 De
396 2316 599 2358 versibus
618 2315 675 2355 iis
692 2315 863 2369 loquor,
880 2315 959 2356 ubi
977 2315 1160 2368 quintus
1180 2326 1259 2367 pes
1281 2313 1325 2353 in
1340 2312 1455 2354 duas

113 2388 254 2417 voces
283 2374 576 2416 distribuitur.
633 2373 820 2413 Tirones
841 2385 942 2414 vero
972 2385 1042 2421 ea,
1074 2385 1177 2426 quae
1213 2371 1267 2411 de
1291 2370 1377 2412 hac
1409 2383 1455 2411 re

114 2433 312 2474 dicturus
337 2446 450 2482 suin,
483 2444 563 2484 pro
593 2430 904 2484 supplemento
940 2430 1163 2483 accipient
1194 2432 1315 2469 notae
1344 2440 1456 2469 meae

114 2491 172 2532 ad
196 2491 310 2532 Hec.
329 2490 431 2531 313.
465 2486 687 2544 Κρύπτοντα
705 2489 822 2543 χεῖρα
844 2485 909 2527 καὶ
929 2485 1121 2543 πρόσωπον
1138 2484 1317 2537 ἔμπαλιν.
1378 2485 1456 2526 Sic

113 2548 282 2602 primus
319 2553 440 2589 recte
476 2546 617 2588 edidit
646 2544 840 2600 Kingius
873 2558 952 2600 pro
989 2541 1214 2597 τοῦμπαλιν.
1277 2541 1457 2596 Nempe
