1566 2789
90 102 163 150 20

160 237 295 302 βαίη·
325 237 372 289 τί
396 235 440 289 δέ
466 261 545 307 μοι
575 238 652 309 ζῆν
683 235 746 288 ’ἔτι
774 234 924 309 κὲξδος
943 262 963 295 3—

89 373 342 416 Superstitione:
368 373 430 406 Καὶ
453 373 508 406 ἐὰν
527 374 585 413 μῦς
599 373 737 406 θύλακον

90 417 234 458 ἀλφίτων
247 416 395 460 διαφάγῃ,
411 417 488 458 πρὸς
501 417 559 448 τὸν
578 417 736 458 ἐξηγητὴν

89 461 198 498 ἐλθὼν,
223 461 340 502 ἐρωτᾷν
360 461 393 492 τί
411 461 475 501 χρὴ
496 462 604 492 ποιεῖν.
650 461 734 492 Vide

89 505 214 536 doctam
231 504 315 535 Frid.
331 504 555 544 Lindenbrogii
570 511 679 535 notam
693 505 734 535 ad

89 547 214 578 Terent.
244 548 371 578 Phorm.
398 549 438 578 iv.
462 551 493 578 4.
516 551 569 579 26.
592 548 644 578 ubi
667 548 734 578 haec

89 601 217 632 quoque
246 591 315 621 loca
344 590 465 629 laudat,
501 590 559 621 sed
586 590 664 620 nihil
693 591 733 621 de

90 634 231 664 versibus
254 633 429 674 suspicans.
475 633 544 665 Nec
567 634 733 674 quicquam

91 677 230 708 suboluit
244 678 392 717 Duporto
414 678 453 707 ad
470 677 735 718 Theophrastum.

90 719 244 756 Θύλακος,
260 727 295 749 ut
309 727 419 750 notum
435 726 494 756 est,
509 721 637 760 primam
652 730 734 751 sem-

90 773 148 803 per
177 763 342 803 p¹·oducit;
381 764 542 803 insigniter
572 768 735 804 corruptus

90 810 138 836 est
152 804 375 846 Aristophanis
390 806 477 836 locus
495 806 578 836 Rau.
597 809 693 837 1234.

132 848 209 879 XII.
234 850 376 879 Stobaens
403 849 472 880 Pel.
496 849 568 880 Eth.
605 860 636 890 p.
664 852 735 880 158.

79 891 142 922 *Au
156 891 218 932 ’γὰρ
238 892 377 933 ἀποθανῇ
393 891 436 923 εἷς
455 904 503 923 τις
523 892 666 931 πονηρὸς.
683 890 736 922 δύο

89 934 249 974 ἀνέφυσαν
277 934 413 975 ῥήτορες·
438 934 537 966 οὐδεὶς
562 934 625 974 ’γὰρ
648 933 736 972 ἡμῶν

89 977 202 1009 ἐόλεως
219 978 252 1008 ἐν
265 979 306 1018 τῇ
327 977 430 1013 πόλει,
458 979 551 1008 ὅστις
577 975 735 1008 ἐπικαύσει

88 1021 143 1053 τὰς
167 1021 307 1061 κεφαλὰς
336 1023 400 1051 τῶν
425 1020 575 1060 ῥητόρων,
605 1019 734 1051 κεκολά-

52 1080 57 1084 ·
86 1076 210 1100 remeas,
226 1065 392 1104 τοιγαροῦν
413 1064 514 1104 ῥήτωρ
541 1063 610 1104 ἔσῃ.
655 1062 734 1094 Haee

89 1107 216 1138 Platoni
231 1108 289 1137 sub
305 1108 399 1137 titulo
413 1108 470 1137 τοῦ
485 1107 580 1137 αὐτοῦ
593 1106 734 1136 tribuun-

89 1158 138 1181 tur
151 1151 183 1180 in
201 1150 316 1181 Graeco
340 1151 456 1180 Stobffi
480 1150 633 1188 margine,
660 1148 733 1178 Pla·-

87 1193 151 1224 toni
167 1194 276 1224 Phaed.
293 1194 326 1223 in
344 1194 512 1227 Latin0.et
524 1202 577 1233 pro
590 1191 733 1222 versione

88 1242 161 1267 sunt
175 1241 318 1267 tantum:
342 1241 364 1254 “
380 1236 442 1266 Hic
459 1246 584 1277 quoque
601 1236 686 1266 locus
700 1235 734 1265 in

77 1279 220 1310 -Platone
234 1280 365 1320 reperiri
381 1290 445 1309 non
461 1277 600 1320 p01uii.''
637 1278 733 1308 Certe

90 1332 151 1352 non
167 1327 271 1353 exstat
288 1332 389 1362 neque
416 1323 449 1352 in
469 1323 602 1352 Phaedro
629 1331 732 1360 neque

89 1365 120 1395 in
136 1365 309 1396 Phaedone.
349 1365 414 1395 Ms.
430 1366 460 1395 in
478 1365 594 1395 Museo
607 1364 733 1394 Britan-

89 1408 159 1439 nico
177 1416 317 1440 servatus
343 1408 438 1438 habet
462 1409 520 1438 τοῦ
544 1408 651 1442 αὐτοῦ,
676 1407 731 1437 de-

89 1451 160 1481 inde
185 1451 346 1491 ἇνέφησαν
370 1451 734 1491 [iamper—{dmons—

89 1494 340 1526 κεκολλόπευκας
368 1507 400 1524 τι
425 1495 489 1535 ’γάρ
509 1493 564 1524 οὖν
578 1512 632 1524 -—.
677 1494 733 1524 Sin

89 1538 185 1568 codex
199 1539 313 1578 aliquis
324 1538 460 1568 cantero
476 1537 591 1567 obtulit
606 1537 664 1567 τοῦ
679 1537 732 1567 αὐ-

89 1580 236 1621 τοῦφαίδ.
250 1592 310 1611 non
320 1581 636 1611 omuinoabhoneret
649 1589 667 1609 a
680 1589 733 1609 ve-

87 1624 335 1664 risimilitudine,
357 1623 498 1653 Platonis
523 1633 591 1652 esse
608 1622 733 1653 Comici

87 1667 191 1697 locum
219 1678 235 1697 e
252 1668 379 1697 Phaone
403 1667 593 1695 desumtum.
639 1665 734 1696 Certe

88 1715 160 1740 sunt
188 1710 302 1741 comici
327 1708 460 1749 alicujus
486 1709 600 1737 veteris
629 1708 734 1743 verba,

84 1753 129 1784 ita
144 1753 175 1782 in
192 1763 300 1783 versus
316 1752 484 1789 digerenda
501 1763 507 1780 :
531 1750 569 1780 ἂν
584 1750 645 1790 ’γὰρ
657 1750 734 1781 ἀπο-

87 1794 160 1837 Θάνῃ
171 1795 223 1827 Εἷς
234 1808 281 1826 τις
296 1794 438 1835 πονηρδς,
454 1793 498 1824 δύ’
510 1793 668 1833 ἀνέφυσαν
681 1793 734 1834 ῥή-

87 1850 185 1879 τορες·
201 1838 310 1870 Οὐδεὶς
324 1838 386 1877 ’γὰρ
401 1837 474 1874 ἡμῖν
496 1837 617 1867 Ἰόλεως
640 1838 673 1867 ἐν
694 1837 735 1878 τῇ

87 1881 190 1918 πόλει,
199 1881 314 1913 ’Ὀστις
330 1880 480 1920 ἐπικαύσῃ
499 1880 652 1919 [Praestat
667 1881 733 1910 ε’πι-

88 1925 207 1957 καύσει.
234 1927 276 1956 G.
290 1926 337 1955 ΙΙ.
355 1925 406 1962 S.]
423 1923 481 1954 τὰς
507 1922 649 1962 κεφαλὰς
670 1924 733 1952 τῶν

86 1968 232 2009 ῥητόρων.
256 1966 528 1998 Κεκολλόπευκας·
538 1967 596 2007 [V.
608 1965 732 1996 Anecd.

87 2012 233 2051 Bekk.p.
250 2014 323 2041 103.
341 2011 384 2040 in.
412 2009 686 2040 Conf.AEschines
702 2019 732 2047 p.

89 2057 162 2086 142.
179 2065 204 2084 s.
220 2054 263 2084 R.
290 2055 333 2083 G.
353 2055 397 2084 1⁷1.
413 2052 467 2092 S.]
490 2052 657 2092 τοιγαροῦν
679 2051 731 2091 ῥή-

87 2109 150 2138 τωρ
165 2097 242 2130 ἔσει.
288 2096 446 2126 Ατίεῑίὼε.
462 2105 517 2135 pto
542 2095 732 2131 Quatuorvi-

86 2140 130 2170 ris
143 2145 168 2172 t.
185 2140 228 2171 iii.
243 2150 273 2179 p.
293 2143 367 2170 222.
382 2139 433 2173 (ii.
447 2148 478 2177 p.
498 2141 568 2168 134.
585 2138 633 2172 4.)
650 2138 733 2168 ὥστε

89 2183 139 2214 καὶ
154 2182 227 2214 τοὺς
242 2183 372 2222 ῥήτορας
386 2180 522 2220 ’ἡσυχίαν
539 2182 671 2218 ἔχοντας
694 2180 733 2210 ὡς

89 2225 128 2256 τὰ
142 2225 251 2257 πολλὰ
265 2225 445 2265 παρείχετο.
462 2224 534 2255 ὥστ’
551 2224 577 2254 εἰ
599 2223 642 2261 μὴ
666 2223 731 2253 καθ’

87 2267 254 2310 Ἡρακλέα,
268 2268 347 2299 κατὰ
362 2269 441 2307 ’γοῦν
462 2266 519 2297 τὸν
534 2266 668 2301 Ἰόλεων,
692 2264 732 2302 ἧν

91 2312 235 2343 ἐπικαίων
258 2311 409 2349 (ἐπικάων
432 2317 518 2340 recte
545 2314 595 2339 ed.
621 2308 728 2349 Junt.)

89 2356 128 2387 ὣς
142 2355 180 2387 τὸ
195 2356 251 2386 τοῦ
267 2356 409 2392 Κωμικοῦ
432 2355 524 2393 ῥῆμα,
551 2352 609 2382 τὰς
633 2357 730 2391 κεφα-

89 2399 148 2430 λὰς
162 2400 224 2429 τῶν
238 2397 398 2429 πλειόνων·
410 2399 491 2437 quod
507 2396 653 2424 ultimum
665 2405 731 2424 me—

85 2441 150 2471 lius
165 2441 229 2471 vid(
241 2446 288 2471 tur
304 2451 397 2481 quam
412 2442 475 2470 τῶν
489 2437 635 2479 ῥητόρων.
666 2437 731 2467 Ne-

90 2494 151 2524 que
167 2485 278 2514 desum
298 2485 378 2518 luca,
398 2483 449 2511 nbi
476 2483 564 2512 Plato
582 2480 732 2510 Comicus

91 2537 163 2556 cum
179 2527 312 2557 Platore
337 2526 533 2565 Phil‹›>‹›pho
560 2523 731 2553 confunda-

90 2575 152 2599 tur.
197 2570 308 2599 suidas
322 2581 327 2598 :
354 2566 522 2609 Παρουσία.
536 2566 592 2604 λέη
601 2578 668 2596 εται
683 2564 732 2596 οὕ-

90 2623 152 2643 τως
168 2612 216 2643 ἐπὶ
232 2613 287 2648 τῆς
303 2614 366 2642 ’τῶν
378 2611 538 2651 παρόντων
561 2608 732 2649 δαψιλείας,

91 2655 130 2686 ὣς
147 2655 196 2687 καὶ
213 2656 246 2687 ἐν
260 2654 427 2686 Πλάτωνος
451 2653 590 2685 Φαίδωνι·
615 2653 656 2683 ὡς
683 2650 733 2683 καὶ

501 98 1010 149 ΕὙΡΙΠΙΔΟΤ

1340 250 1421 288 145

777 373 833 405 νῦν
846 372 963 413 ἔχομεν
977 370 1154 413 παρουσίας.
1199 371 1258 402 Est
1280 371 1422 403 senarius

776 416 869 447 initio
893 416 1060 453 defectus;
1085 425 1181 456 quem
1207 415 1308 445 citans
1333 414 1422 446 Pier-

777 470 871 490 sonus
886 459 926 489 ad
942 459 1068 489 Moerin
1084 469 1116 499 p.
1131 460 1207 489 297.
1221 457 1265 488 ait
1279 469 1286 487 ε
1311 461 1334 476 “
1347 457 1424 488 Pla-

776 503 860 533 tonis
875 503 981 534 locum
995 502 1035 532 ab
1050 502 1121 532 aliis
1135 501 1229 532 velim
1244 500 1324 531 mihi
1341 500 1423 531 indi-

777 545 875 576 cari.’'
930 545 1117 586 Legendnm
1145 555 1183 575 ex
1215 544 1330 574 Photio
1358 543 1424 574 Ms.

776 587 886 620 Φάωνι.
931 589 1083 619 Priscian.
1101 588 1188 619 xviii.
1211 596 1244 627 p.
1258 589 1355 618 1185.
1371 589 1424 619 12.

777 632 893 668 Attici,
909 632 1032 673 ἠράμην
1046 630 1186 670 πόλεμον
1207 629 1285 670 πρὸς
1298 630 1425 667 τοῦτον,

777 675 830 707 καὶ
845 675 955 715 τούτῳ.
977 673 1111 707 Πλάτων
1124 672 1193 713 περὶ
1205 672 1329 711 λάγιος.
1343 674 1424 713 πρῶ·

777 730 818 750 τα
829 718 887 758 μὲν
902 718 1025 751 Κλέωνι
1041 717 1179 757 πόλεμον
1191 715 1321 757 ἠράμην.
1343 716 1423 747 Vel-

777 762 840 792 lem
856 762 948 797 scire,
961 762 1034 803 quis
1049 761 1091 791 sit
1104 761 1166 790 iste
1184 760 1288 799 Lagis,
1302 763 1357 789 aut
1372 758 1426 789 ubi

777 806 817 835 de
848 815 887 835 eo
916 806 1008 836 Plato
1039 805 1164 834 locutus
1203 802 1252 832 sit.
1312 801 1420 843 Lege:

778 846 915 878 Πλάτων
945 847 1124 887 Περιαλγεῖ·
1141 845 1202 876 ιὈς
1230 845 1339 884 πρῶτα
1367 843 1426 883 μὲν

778 891 899 921 Κλέωνι
914 890 1055 928 πόλεμον
1069 887 1201 928 ἠράμην.
1235 886 1342 917 Verba
1353 892 1428 918 sunt

777 933 880 973 ipsius
892 933 997 973 poc'tae
1014 931 1178 973 gloriantis
1191 929 1303 960 eodem
1317 930 1424 966 modo,

777 985 841 1015 quo
858 976 1083 1016 Anistophanes
1099 973 1187 1003 Nub.
1202 975 1278 1003 549.
1294 972 1356 1004 ⁶05
1369 971 1424 1012 με’·

775 1029 891 1057 ’γιστον
919 1018 995 1050 ὄντα
1022 1016 1140 1048 Κλέων’
1170 1015 1272 1047 ἔπαιο)
1302 1016 1345 1048 εἰς
1363 1016 1424 1054 τὴν

773 1061 926 1101 γαστέρα.

818 1104 914 1135 ΧΙΙΙ.
938 1103 985 1134 At
999 1108 1046 1139 tu,
1070 1101 1252 1132 doctissime
1267 1101 1420 1142 Wytten-

776 1147 879 1183 bachi,
896 1146 985 1187 cujus
1000 1145 1223 1180 eruditionem,
1248 1143 1420 1185 ingenium,

776 1190 1004 1220 humanitatem
1013 1188 1163 1229 suspicio,
1181 1188 1300 1218 utinam
1315 1187 1422 1228 paullo

775 1233 928 1274 majorem
951 1242 1057 1263 curam
1078 1232 1111 1262 in
1135 1230 1275 1261 versibus
1301 1240 1320 1260 a
1343 1229 1422 1260 Plu.

776 1277 873 1306 tarchi
890 1277 1030 1307 oratione
1047 1273 1278 1315 distinguendis
1291 1272 1423 1304 adhibu-

776 1318 875 1349 isses!
911 1319 1102 1359 Ubicunque
1124 1319 1210 1348 enim
1233 1320 1287 1347 aut
1309 1316 1424 1356 integri

776 1372 896 1398 versus,
914 1367 968 1392 aut
983 1362 1170 1401 fragmenta,
1187 1369 1317 1401 quorum
1329 1359 1423 1389 verba

776 1405 890 1436 eodem
905 1405 1016 1436 ordine
1039 1405 1186 1438 citantur,
1211 1413 1273 1443 quo
1291 1413 1311 1433 a
1325 1401 1424 1443 poc'ta

776 1449 892 1489 scripta
906 1453 991 1483 sunt,
1008 1448 1164 1488 leguntur,
1179 1446 1225 1476 ibi
1247 1449 1325 1486 puto
1347 1444 1423 1475 talia

775 1491 950 1532 fragmenta
963 1501 981 1521 a
995 1490 1122 1521 citantis
1135 1489 1276 1519 oratione
1287 1487 1423 1528 diligen-

776 1538 823 1564 ter
838 1535 1023 1575 separanda.
1055 1533 1106 1562 De
1119 1533 1242 1562 Vixtute
1260 1530 1375 1561 Morali
1390 1541 1424 1571 p.

775 1580 851 1608 442.
869 1578 907 1608 C.
922 1576 1011 1614 “Ocm
1025 1575 1145 1615 πέφυκε
1161 1574 1236 1614 κάφ’
1253 1574 1329 1606 ὅσον
1344 1572 1421 1614 διέρ-

775 1632 881 1660 χεται,
904 1626 953 1651 est
976 1630 1083 1650 versus
1105 1617 1273 1658 OEdipodis
1297 1616 1423 1658 Euripi-

776 1663 839 1699 ἀεὶ,
863 1664 948 1704 quod
976 1662 1186 1693 subindicavit
1210 1660 1423 1701 Musgravius.

777 1706 861 1735 Erot.
875 1717 907 1747 p.
921 1709 995 1738 758.
1011 1706 1050 1736 Β.
1061 1704 1147 1736 ἀλλὰ
1158 1704 1251 1735 πειθὼ
1263 1702 1314 1734 καὶ
1328 1701 1423 1744 χάρις

777 1750 939 1781 ἐνδιδοῦσα
952 1748 1048 1780 πόνον
1062 1748 1137 1786 ἡδὺν
1159 1748 1198 1778 ὡς
1222 1746 1344 1784 ἆληθῶς
1366 1745 1420 1777 κά-

775 1804 874 1830 ματον
890 1793 1068 1832 ὑφηγεῖται.
1112 1791 1174 1821 Hic
1200 1796 1244 1824 tu,
1271 1790 1317 1819 vir
1341 1799 1421 1829 prae-

775 1836 980 1871 stantissime,
1009 1834 1102 1865 πόνον
1123 1833 1199 1871 ἡδὺν
1221 1832 1272 1863 καὶ
1288 1833 1328 1864 ὡς
1343 1831 1421 1869 ἄλη-

777 1880 834 1909 eas
850 1878 1036 1917 εὐκάματον,
1060 1877 1173 1917 partim
1189 1881 1284 1915 recte,
1306 1875 1419 1915 partim

775 1931 879 1956 secus,
893 1922 1034 1962 corrigis.
1062 1919 1250 1958 Legendum
1263 1918 1346 1948 enim
1361 1916 1420 1949 πό-

774 1975 829 1994 νον
843 1964 918 2001 ἡδὺν
932 1965 971 1995 ὡς
987 1964 1108 2001 ἀληθῶς
1124 1960 1263 2000 κάματόν
1275 1961 1306 1991 τ’
1329 1959 1420 1992 εὐκά-

773 2018 872 2044 ματον
887 2018 923 2037 ex
940 2008 1049 2047 Eurip.
1065 2006 1181 2035 Bacch.
1203 2007 1256 2035 66.
1302 2003 1420 2034 Emen-

774 2049 847 2079 date
871 2050 987 2089 legitur
1017 2049 1101 2079 id‘em
1123 2057 1235 2078 versus
1259 2046 1298 2076 de
1321 2046 1419 2077 Tran-

775 2092 929 2132 quillitate
945 2103 978 2132 p.
994 2095 1068 2122 467.
1084 2091 1128 2121 D.
1144 2101 1183 2120 an
1200 2090 1267 2119 seni
1292 2089 1423 2129 gerend.

773 2145 858 2176 resp.
874 2146 906 2175 p.
922 2138 997 2166 794.
1014 2135 1052 2165 Β.
1067 2132 1121 2164 sed
1139 2132 1325 2173 Philosophi
1346 2142 1418 2163 ver-

773 2177 823 2207 bis
839 2178 1025 2218 permixtus.
1070 2176 1109 2206 ln
1133 2176 1262 2206 Consol.
1287 2185 1319 2215 p.
1344 2178 1419 2206 117.

772 2219 814 2250 A.
840 2220 958 2250 dedisti
982 2225 1020 2250 ut
1045 2229 1182 2255 versum,
1208 2217 1284 2249 Θεὸς
1308 2215 1345 2248 δέ
1370 2229 1420 2249 σοι

773 2263 847 2301 πῆμ’
865 2262 965 2303 οὐδὲν,
989 2263 1063 2294 ἀλλ’
1079 2261 1170 2292 αὐτὸς
1184 2261 1277 2299 αὐτῷ,
1300 2260 1417 2290 deinde

774 2305 813 2337 σὺ
825 2305 885 2341 σοὶ,
900 2316 970 2346 quae
984 2310 1167 2345 sequuntur,
1181 2305 1350 2344 adprosam
1365 2303 1420 2334 (le-

774 2349 885 2379 trudis.
924 2349 1044 2379 Verum
1058 2348 1141 2386 αὐτῷ
1157 2347 1217 2376 del*
1228 2346 1325 2376 ndum
1341 2351 1419 2382 erat,

776 2397 886 2431 utpote
902 2393 987 2421 varia
1010 2392 1105 2421 lectio
1120 2401 1156 2420 ex
1174 2388 1267 2420 αὐτὸς
1280 2393 1366 2428 nata,
1386 2394 1419 2419 et

777 2434 816 2465 σὺ
830 2435 890 2469 σοὶ,
908 2433 1098 2469 addendum,
1116 2438 1150 2462 ut
1164 2434 1205 2462 s3t
1219 2432 1348 2471 parodja
1359 2432 1416 2462 So-

777 2478 899 2517 phoclis
916 2477 989 2508 OEd.
1014 2477 1050 2506 T.
1082 2479 1156 2507 379.
1182 2473 1287 2515 Κρέων
1309 2472 1346 2505 δέ
1367 2486 1418 2505 σοι

776 2520 849 2559 πῆμ’
872 2520 972 2561 οὐδὲν,
996 2520 1069 2551 ἀλλ’
1095 2518 1187 2549 αὐτὸς
1214 2517 1254 2549 σὺ
1277 2516 1337 2548 σοί·
1361 2517 1417 2547 ubi

777 2563 877 2593 obiter
898 2569 982 2599 nota,
1007 2561 1039 2593 δὲ
1054 2573 1073 2592 a
1088 2562 1257 2592 Plutarcho
1277 2560 1418 2590 defendi.

779 2605 851 2636 Alia
867 2609 1011 2646 quadam
1034 2603 1210 2646 hujusmodi
1229 2608 1335 2633 notare
1360 2612 1416 2642 po-

777 2654 883 2680 teram.
907 2649 976 2693 'Sed
990 2659 1055 2680 non
1071 2648 1150 2679 tanti
1162 2652 1222 2679 est.
1252 2646 1321 2677 Hos
1332 2645 1416 2677 enim
