1606 2803
307 128 720 158 SUPPLEMENTUM
754 127 821 157 AD
855 127 1243 157 PRAEFATIONEM.
1334 113 1451 158 XXlX

117 231 355 280 videretur,
380 230 455 283 qui
475 229 604 275 ἐκεῖνος
624 242 703 282 pro
722 228 927 283 Ἀχιλλεὺς
953 235 1200 283 reponeret.
1259 230 1448 275 Versum

119 287 347 341 Euripidis
381 287 572 339 (Fragm.
609 287 761 326 ineert.
796 287 912 337 143.)
947 288 1066 339 apud
1092 287 1317 330 Plutarch.
1348 294 1377 331 t.
1400 292 1446 332 ii.

116 358 179 398 p:
197 345 323 385 1023.
361 344 410 383 F.
451 357 507 384 ex
538 344 714 394 ingenio
748 356 829 383 suo
870 344 1105 385 fabricavit
1142 346 1445 399 Musgravius.

116 402 290 453 Fragm.
314 401 411 442 176.
444 402 630 453 Σμικραῖς
652 398 902 454 ἐπιτρέπουσιν
926 401 1056 448 αὐτοὺς
1083 401 1089 454 Ι
1116 401 1276 452 ἐλπίσιν,
1304 406 1445 446 nemi-

115 472 216 499 nem
248 459 489 499 morabitur
521 457 692 511 [ἑαυτοὺς
721 456 1005 512 ἐπιτρέπουσιν]
1066 460 1155 500 Sed
1176 461 1304 502 locus
1327 467 1398 503 eSt
1419 477 1444 503 e

114 515 315 556 Pirithoo
339 516 502 556 citatus
525 529 552 556 a
573 515 789 567 Gregorio
808 515 1001 556 Corinth.
1022 517 1065 556 in
1085 517 1298 570 Hermog.
1324 520 1443 572 apud

115 572 275 613 Reisk.
298 572 445 613 Graec.
471 572 592 612 Orat.
616 576 645 612 t.
667 573 757 612 viii.
780 586 820 625 p.
841 573 940 614 948.
973 572 1074 629 Ἐμῇ
1101 578 1178 630 γὰρ
1215 572 1299 624 ἦλθε
1329 577 1442 633 μητρὶ

113 631 216 684 κεδνῇ
243 629 248 684 Ι
274 630 360 684 πρὸς
384 627 513 683 λέχος,
535 630 613 682 qui
637 629 831 682 expendi
852 635 1052 671 meretur.

172 687 303 728 Nunc
344 688 638 727 Iambicorum
673 700 812 737 genus
854 686 1046 728 comicis
1084 689 1173 729 sere
1213 691 1442 743 proprium

111 744 269 785 leviter
302 744 584 796 attingamus,
618 743 737 796 quod
770 743 902 796 vulgo
934 749 1115 786 vocatur
1144 750 1443 789 tetrametrum

113 802 440 842 catalecticum.
503 801 685 841 Duabus
722 801 855 841 rebus
886 814 912 842 a
945 803 1117 843 comico
1151 805 1323 845 senario
1354 804 1441 846 hoc

111 858 276 909 differt3
308 859 461 911 primo,
484 857 605 910 quod
630 865 815 910 quartus
842 871 922 910 pes
953 873 1127 913 semper
1156 861 1333 903 iambus
1364 867 1441 904 aut

113 915 381 968 tribrachys¹
420 916 478 955 sit
514 919 714 967 oportet;
758 916 970 964 seeund0‚
1007 917 1126 970 quod
1168 923 1319 960 sextus
1354 933 1439 973 pes
1497 957 1504 964 .

113 977 388 1026 anapaestum
422 973 552 1012 etiam
587 972 791 1012 admittit.
807 977 822 994 ²
883 973 971 1013 Sed
1011 987 1091 1026 pes
1128 976 1440 1019 catalecticam

113 1030 326 1083 syllabam
354 1029 612 1082 praecedens
644 1042 727 1068 non
759 1030 932 1069 iambus
954 1043 1053 1071 esse
1076 1033 1254 1086 nequit3
1286 1035 1371 1075 nisi
1393 1035 1440 1074 in

112 1088 290 1140 proprio
311 1087 500 1135 nomine,
520 1087 597 1126 ubi
619 1086 874 1126 conceditur
896 1094 1207 1140 anapaesta-53³
1240 1091 1361 1143 quod
1383 1092 1439 1132 de

113 1149 269 1197 quarto
302 1145 437 1184 etiam
474 1144 591 1196 pede
607 1148 626 1172 4
661 1143 844 1195 intelligi
883 1145 1024 1185 velim.
1059 1144 1144 1197 [xl]
1199 1146 1317 1187 Ran.
1337 1148 1438 1189 942.

112 1202 211 1242 943.
233 1200 330 1242 948.
368 1201 449 1254 Eq.
479 1200 579 1241 905.
611 1200 789 1241 Thesm.
812 1201 909 1241 554.
930 1203 1030 1242 555.
1052 1203 1150 1244 557.
1182 1202 1438 1260 Archippus

113 1258 322 1299 Athenaei
343 1259 398 1299 vi.
424 1271 524 1310 pag.
545 1258 643 1298 227.
664 1255 720 1296 A.
743 1258 818 1297 vii.
839 1271 938 1311 pag.
959 1260 1058 1299 811.
1080 1259 1133 1299 E.

227 1313 434 1370 Πςώτιστα
450 1314 517 1367 μὲν
536 1317 617 1370 ’γὰρ
637 1312 697 1353 ἕνα
712 1330 758 1368 γε
777 1316 860 1354 τινα
875 1321 886 1338 ¹
911 1315 1075 1355 καθεῖσεν
1097 1317 1324 1370 ἐγκαλύψας

226 1370 421 1426 Ἀχιλλέα
443 1371 509 1412 τιν’
532 1370 550 1420 ἢ
573 1370 758 1422 Nao'fs‘hw,4
777 1372 818 1411 τὸ
838 1371 1031 1426 πρόσωπον
1051 1373 1138 1427 οὐχὶ
1161 1374 1310 1422 δεικνύς.

227 1431 314 1483 Οὐχ
334 1429 439 1479 ἧττον
461 1427 480 1477 ἢ
502 1432 558 1468 νῦν
580 1432 609 1468 οἱ
632 1432 842 1475 λαλοῦντες·
875 1428 1035 1477 ἠλίθιοςΖ
1056 1434 1134 1485 γάρ
1156 1429 1265 1480 ἦσθα.

224 1487 319 1526 Ἰδοὺ
341 1486 449 1540 δέχου
472 1484 599 1539 κέρκον
619 1483 744 1540 λαγα),
767 1484 1057 1538 τώφθαλμιδίωΖ
1079 1488 1246 1544 περιψῇν.

225 1542 419 1598 Ἐγένετο,
441 1542 688 1590 Μελανίππας
708 1547 832 1591 ποιῶν,
856 1542 1020 1599 Φαίδρας
1041 1561 1096 1595 τε,
1118 1544 1328 1595 Πηνελόπην
1347 1547 1381 1587 δὲ
1396 1555 1408 1577 3

227 1599 419 1640 οὐπώποτ’
437 1598 589 1648 ἐποίησ’,
611 1598 662 1638 ὅτι
680 1601 769 1653 γυνὴ
787 1598 939 1655 σώφρων
962 1600 1076 1651 ἔδοξεν
1093 1601 1196 1642 εἶναι.

229 1663 306 1698 Τῶν
328 1661 384 1697 νῦν
405 1662 589 1712 γυναικῶν
611 1656 857 1707 Πηνελόπην,4
878 1657 1041 1713 Φαίδρας
1061 1659 1088 1698 δ’
1110 1658 1380 1709 ἁπαξαπάσας.

222 1716 419 1770 “Ερμα”ιός,
442 1712 476 1760 ὃς
497 1713 566 1768 βία
585 1713 689 1769 δέρων
706 1712 803 1768 ῥίνας
824 1714 984 1767 γαλεούς
1001 1721 1016 1737 ²⁴
1034 1732 1075 1755 τε
1095 1718 1225 1758 πωλεῖ.

110 1772 291 1821 Verum,
314 1772 595 1826 quantumvis
627 1771 741 1812 hanc
761 1772 934 1814 veniam
962 1774 1181 1825 postulent
1199 1777 1442 1817 tetrametri

112 1829 305 1878 iambici,
333 1834 502 1878 cavete,
534 1827 874 1878 Adolescentes,
897 1830 1106 1881 credatis,
1128 1844 1281 1873 omnes
1300 1832 1439 1873 licenm

112 1887 199 1928 tias
219 1887 461 1934 admittere,
484 1886 630 1938 qualis
651 1898 690 1925 e,
712 1899 752 1937 g.

230 1946 284 1998 Τῇ
305 1943 404 1982 παιδὶ
425 1942 506 1989 τοὺς
529 1941 661 1988 αὐλοὺς
683 1943 795 1996 ἐχρῆν
817 1941 876 1991 ἤδη
898 1942 1116 2000 προχείρους
1133 1944 1234 1986 εἶναι.

113 2001 177 2041 At
199 2002 329 2050 enim,
353 2000 529 2048 dicetis,
551 1999 658 2052 quid
683 2012 800 2051 opus
821 2004 912 2040 erat
933 2001 1015 2041 hoc
1049 2005 1255 2044 monere?
1288 2003 1437 2054 Quen-

113 2070 302 2111 quamne
324 2070 422 2097 esse
445 2057 626 2096 auribus
655 2056 766 2096 adeo
787 2056 1062 2107 destitutum,
1092 2065 1143 2099 ut
1171 2060 1267 2101 haec
1301 2063 1437 2104 verba

111 2127 191 2168 pro
211 2127 341 2155 versu
361 2113 582 2154 venditet?
615 2112 766 2153 Recte.
819 2113 977 2166 Neque
996 2128 1080 2167 ego
1102 2115 1279 2158 hercule
1301 2120 1435 2160 credo

113 2184 365 2224 quenquam
384 2170 512 2210 hodie
536 2183 652 2218 esse,
675 2170 751 2222 qui
779 2170 887 2210 talia
908 2175 1107 2223 portenta
1127 2186 1208 2225 pro
1235 2176 1435 2218 versibus

113 2228 333 2268 obtrudat.
397 2227 445 2267 Si
467 2227 565 2280 quis
584 2231 728 2266 tamen
751 2226 852 2266 talis
867 2228 1044 2277 existet,
1060 2229 1100 2268 is
1122 2230 1274 2270 eadem
1296 2244 1436 2284 opera

112 2285 274 2338 poterit
292 2285 454 2336 legere,
488 2283 671 2338 (Athen.
705 2296 781 2324 xv.
804 2296 847 2334 p.
866 2283 965 2324 665.
994 2284 1075 2339 D.)
1096 2289 1174 2325 Ποῦ
1205 2287 1243 2335 δὴ
1263 2285 1351 2340 μέθυ
1375 2289 1437 2338 ἤδη

113 2338 244 2395 γέγονε
266 2341 328 2381 καὶ
350 2338 506 2387 πίνοντες
527 2339 587 2388 ἤδη
609 2337 741 2393 πόῤῥω.
790 2339 958 2380 Eadem
979 2354 1116 2394 opera
1134 2356 1214 2395 pro
1235 2348 1436 2386 tetrame-

114 2403 182 2438 tro
217 2398 408 2438 iambico
444 2397 646 2449 accipiet,
679 2395 891 2444 Στεφάνους
924 2413 965 2436 τε
996 2399 1154 2445 πολλοὺς
1187 2400 1437 2455 κρεμαμένους

116 2453 376 2507 μελιλωτίνους
395 2452 623 2504 [ἐπιθυμεῖς]
644 2452 801 2494 Athen.
823 2465 899 2493 xv.
922 2468 966 2508 p.
985 2455 1082 2495 678.
1097 2455 1148 2496 C.
1167 2458 1242 2497 ubi
1255 2457 1436 2511 jamdu-

118 2511 220 2552 dum
252 2525 406 2552 vocem
438 2510 613 2562 ἐπιθυμεῖς
638 2509 887 2550 emendavit
919 2515 961 2552 et
994 2511 1214 2553 Athenaeo
1248 2516 1437 2556 restituit

119 2580 310 2611 summus
332 2568 639 2610 Casaubonus.
676 2567 781 2618 Sed,
797 2580 853 2608 ne
873 2566 1036 2609 diutius
1049 2569 1207 2611 iambis
1234 2571 1437 2613 immore-
