1565 2834
356 577 622 626 INDEX
685 575 1045 626 GRAECUS.

359 933 395 959 A*

60 1012 157 1043 d-——et
172 1013 377 1045 eil—confusa
394 1018 455 1046 404

58 1055 414 1095 Ἀγαμεμνόνειος,-ιος
433 1062 493 1090 177

59 1098 234 1138 ἀγγέλλειν
249 1106 281 1131 et
297 1098 336 1132 αὖ
351 1101 460 1141 λέγειν
475 1101 604 1133 confusa
618 1104 681 1134 780

60 1141 120 1181 ἄγε
135 1145 176 1174 79

60 1184 181 1226 ἄγκυρα
196 1195 289 1216 sensu
306 1187 516 1227 metaphorice
533 1190 585 1218 68.
601 1187 706 1228 ὁρμεῖν

105 1239 130 1259 s·
155 1228 299 1267 ὀχεῖσθαι
316 1229 365 1260 ἐπὶ
395 1229 542 1271 ἀγκύρας,
566 1237 626 1261 etc.
650 1235 704 1263 68.

105 1271 228 1312 ἄγκυρα
242 1273 369 1304 subaud.
383 1276 425 1304 68

63 1313 148 1353 ἀγὼν
164 1317 238 1346 485.
261 1315 356 1355 ἀγὼν,
373 1316 442 1354 δίκη
460 1319 533 1348 837.
548 1315 654 1355 ἀγῶνα
663 1318 706 1348 δι-

107 1356 194 1388 δόναι
220 1361 293 1390 837.
323 1358 431 1398 ἀγῶνα
457 1359 604 1391 δύσονται
631 1363 707 1391 837.

105 1401 215 1439 ἀγῶνα
241 1400 389 1442 πράττειν
417 1405 492 1434 837.
517 1403 623 1442 ἀγῶνα
638 1402 705 1443 τρέ-

108 1454 178 1483 χειν
194 1445 268 1475 837.
285 1445 325 1476 de
340 1446 475 1486 quantit.
487 1446 518 1477 h.
532 1456 562 1476 v.
579 1449 640 1477 851

65 1486 227 1525 ἀγώνισμα
240 1487 388 1527 πράττειν
403 1492 465 1520 837

64 1529 123 1566 ἀεὶ,
147 1527 205 1560 αιέὶ
224 1533 316 1562 1147.
339 1531 470 1563 εἶς-ἀεὶ
494 1530 551 1563 τὸν
572 1531 710 1574 παρόντα

107 1573 162 1603 νῦν
176 1571 290 1612 χρόνον
304 1578 388 1607 1679

65 1614 185 1651 ἀέναος,
202 1615 329 1649 ἀένναος
348 1621 427 1649 1291

65 1657 288 1691 ἀθαλάττωτος
302 1664 365 1692 613

65 1700 180 1733 Ἀθάνα
196 1702 310 1734 Atticis
327 1708 507 1744 usurpatum
523 1706 565 1735 26

64 1744 210 1776 Ἀθαναία
225 1756 264 1776 an
280 1746 381 1778 Attici
396 1747 504 1778 dicant
516 1750 558 1778 26

65 1787 181 1825 Ἀθηνᾶ
193 1791 235 1819 26

65 1831 213 1868 Ἀθηναία
228 1831 343 1862 Atticis
359 1837 537 1873 usurpatum
555 1835 596 1863 26

67 1874 182 1905 ἄθλιος.
197 1873 290 1905 ἀθλία
301 1873 445 1910 τάλαινα,
456 1874 549 1906 ἀθλία
559 1874 710 1912 δύστηνος

111 1916 281 1957 conjuncta
297 1921 391 1949 1580.
429 1918 539 1958 [Conf.
556 1918 711 1948 Phoeniss.

113 1963 210 1991 1611.
237 1971 261 1990 s.
285 1960 324 1992 ὥς
343 1961 375 1999 μ’
400 1960 517 2002 ἔφυσας
540 1960 648 1992 ἄθλιον
661 1959 712 1992 καὶ

111 2002 253 2077 {giga-011².
286 2004 330 2034 G.
353 2004 400 2035 H.
426 2003 479 2044 S.]
513 2003 607 2036 ἄθλια
632 2003 714 2036 κακὰ

71 2088 311 2129 ἀθυρόγλωσσος
327 2093 388 2121 893

72 2132 141 2167 αἰεὶ,
154 2143 184 2161 v.
200 2131 246 2164 ἀεὶ

70 2173 145 2213 αἷμα
160 2176 245 2216 δρᾷν,
260 2174 408 2216 πράττειν
421 2178 485 2207 400

72 2218 249 2256 αἱματωπὸς
260 2222 336 2250 605.
362 2218 468 2259 [Cous.
485 2224 549 2251 not.
566 2218 607 2250 ad
622 2219 713 2250 Phoe-

117 2261 190 2291 niss.
206 2264 301 2292 1353.
327 2262 370 2292 G.
386 2262 434 2293 H.
453 2262 505 2302 S.]

73 2302 282 2336 αἰσθάνεσθαι.
321 2304 372 2334 De
389 2304 620 2335 constructione
637 2305 668 2335 h.
683 2316 714 2336 V.

75 2389 197 2421 αἵσσειν
213 2390 314 2420 activo
328 2400 420 2420 sensu
437 2392 520 2422 1427
525 2409 533 2420 .
558 2390 714 2431 passivum

117 2433 266 2471 αἵσσομαι
281 2435 363 2464 1427

75 2475 163 2512 ἀκοή.
186 2475 306 2516 Singul.
324 2481 355 2506 et
370 2475 481 2517 plural.
502 2476 532 2507 h.
548 2487 578 2506 v.
594 2476 715 2507 confusi

120 2520 203 2550 1275

74 2561 271 2593 ἂλαοσκοπιά
288 2564 371 2592 1259

75 2603 246 2636 ἇλίκτυπος
261 2609 293 2634 et
306 2603 458 2635 ἁλίτυπος
471 2604 599 2635 confusa
608 2608 672 2638 367

75 2646 146 2679 ἅλις
162 2651 243 2679 1037

76 2689 225 2723 ἆλίτυπος
240 2694 272 2722 et
287 2689 456 2723 ἁλίκτυπος
472 2690 601 2722 confusa
612 2694 672 2724 367

751 927 836 959 ἀλλὰ
852 927 963 967 (certe,
978 929 1102 970 saltem)
1125 933 1206 962 1578

750 971 850 1002 ἄλλος
865 970 969 1012 ἕτερος
985 975 1047 1003 339

750 1012 944 1054 ἁμαρτάνειν.
970 1015 1019 1045 De
1036 1016 1137 1046 futuro
1154 1017 1184 1047 h.
1199 1028 1228 1047 v.
1247 1021 1328 1050 1205

749 1057 931 1097 ἀμείβεσθαι
946 1061 1010 1090 968

748 1099 927 1139 ἀμπάλλειν
941 1111 1034 1132 sensu
1049 1102 1154 1133 medio
1171 1105 1233 1134 316

749 1143 827 1184 ἀμφὶ
847 1147 940 1176 1459.
963 1144 1013 1175 De
1030 1151 1199 1178 construet.
1219 1150 1300 1179 1459

750 1187 789 1218 ἂν
816 1188 980 1227 repetitum
1013 1191 1065 1219 51.
1102 1192 1196 1221 1109.
1224 1200 1242 1220 a
1265 1191 1393 1220 librzuiis

794 1230 942 1261 omissum
957 1233 1031 1262 485.
1046 1235 1121 1263 495.
1142 1233 1275 1263 subaud.
1291 1234 1329 1263 ad
1348 1244 1394 1263 re-

795 1273 890 1304 lativa
902 1284 973 1304 cum
985 1275 1187 1315 conjunctivo
1197 1276 1308 1317 juncta
1320 1279 1376 1307 14!
1387 1299 1394 1305 .

796 1316 888 1357 [Non
904 1327 983 1357 opus
997 1317 1027 1347 in
1043 1318 1098 1348 tali
1113 1320 1341 1350 constructione
1358 1319 1396 1349 ἂν

796 1360 974 1390 subaudili:
992 1366 1066 1391 tunc
1082 1362 1163 1391 enim
1178 1362 1396 1403 conjunctivus

796 1402 864 1443 ipse
880 1413 934 1444 per
950 1413 982 1433 se
998 1404 1128 1440 indicat,
1145 1406 1395 1436 enuntiationem

799 1455 867 1476 esse
893 1448 1069 1486 generalem
1085 1458 1092 1484 3
1122 1448 1183 1478 etsi
1212 1459 1319 1479 verum
1349 1456 1397 1479 est

799 1488 927 1519 Graecos
947 1489 979 1518 in
1007 1489 1185 1530 hujusmodi
1208 1492 1396 1522 enuntiatio-

798 1531 893 1562 nibus
916 1531 955 1562 ἂν
977 1532 1040 1562 fere
1065 1533 1218 1575 subjicere
1248 1536 1395 1565 relativis.

798 1574 879 1604 Haec
894 1584 989 1605 causa
1003 1581 1062 1616 est,
1074 1587 1129 1606 cur
1142 1576 1243 1615 ἡνίκα,
1257 1578 1321 1613 ὅτε,
1335 1585 1396 1609 etc.

797 1617 890 1647 toties
902 1617 1079 1649 adsciscant
1091 1621 1337 1661 conjunctivum.
1356 1623 1398 1652 G.

798 1661 847 1691 Η.
865 1660 919 1702 8.]
944 1662 1003 1692 ποῦ
1019 1661 1058 1692 ἂν
1073 1673 1144 1693 cum
1167 1664 1324 1705 conjunct.
1348 1675 1396 1694 50-

797 1703 907 1733 loecum
925 1707 999 1735 792.
1014 1704 1052 1735 ἂν
1067 1710 1098 1736 et
1113 1704 1151 1737 αὖ
1167 1707 1297 1737 confusa
1314 1710 1397 1738 1619

752 1745 983 1786 ἆναβακχεύειν
998 1751 1060 1780 332

754 1789 967 1829 ἀναβακχιοῦν
981 1794 1043 1822 332

754 1832 908 1874 ἆναβοᾷν.
931 1833 983 1863 De
994 1834 1098 1864 futuro
1114 1835 1144 1864 h.
1160 1846 1189 1865 V.
1206 1838 1269 1867 976

754 1875 963 1908 ἀνακαλύπτω
978 1887 1035 1918 pro
1049 1876 1305 1918 ἀνακαλύπτομαι
1322 1882 1384 1911 288

755 1918 930 1958 ἀνακωφεῖν
948 1924 1030 1952 1279

756 1961 832 2001 ἅναξ
847 1962 998 1998 βασιλεὺς
1014 1966 1076 1995 342

757 2003 952 2036 ἀναπάλλειν
969 2017 996 2036 v.
1013 2006 1192 2045 ἀμπάλλειν

757 2047 914 2079 ἀνασείειν
926 2052 989 2080 605

759 2091 922 2132 ἀναφέρειν
937 2095 1000 2123 408

760 2133 898 2175 ἀναφορὰ
913 2137 977 2166 408

760 2175 900 2208 ἁνδάνειν
914 2188 953 2207 an
969 2179 1180 2210 accusativum
1196 2184 1281 2220 regat
1298 2183 1379 2211 1623

758 2220 960 2252 Ἀνειλείθυια
973 2224 1034 2252 613

761 2263 899 2301 ἀνέλλην
915 2266 977 2295 613

760 2306 972 2345 ἀνεπίληπτος
984 2311 1016 2337 et
1029 2307 1260 2348 ἀνεπίπληκτος
1274 2310 1405 2340 confusa

759 2392 948 2432 ἀνέρχεσθαι
962 2391 1059 2424 πάλιν
1074 2397 1138 2425 800

760 2434 950 2476 ἀνήφαιστος
963 2439 1025 2468 613

761 2478 1009 2520 ἀνθρωπόκτονος
1025 2482 1086 2510 823

760 2521 891 2563 ἀνιαρός.
918 2521 968 2551 De
984 2523 1158 2563 quantitate
1174 2524 1205 2555 h.
1222 2534 1253 2555 v.
1270 2528 1334 2557 ‘224

762 2563 897 2604 ἀντιλάζ
895 2567 992 2601 εσθαι,
1009 2564 1227 2605 ἀντιλάζυσθαι
1242 2570 1304 2600 7⁴3

762 2608 844 2647 ἄξιος
858 2611 920 2639 589

763 2651 874 2690 ἀξιοῦν.
890 2650 953 2690 ἦρξ’
970 2651 1102 2690 ἀξιωθεὶς
1120 2655 1200 2684 1165

763 2693 928 2736 ἀξιόχρεως
943 2697 1008 2726 589
