1596 2824
563 515 938 560 ΥῘΙΟΘΕΣΙΣ,

80 680 245 722 Ὀρέστης,
267 682 324 714 τὸν
339 682 434 723 φόνον
445 686 503 716 τοῦ
517 686 633 727 πατρὸς
648 689 944 732 μεταπορευόμενος,
968 690 1093 724 ἀνεῖλεν
1107 692 1258 733 Αἴγισθον
1272 694 1324 727 καὶ
1339 701 1421 729 Κλυ-

126 746 346 788 ταιμνήστραν·
373 751 625 790 μητροκτονῆσαι
648 752 681 784 δὲ
704 753 878 797 τολμήσας,
900 758 1092 797 παραχρῆμα
1105 757 1165 796 τὴν
1187 759 1276 798 δίκην
1297 761 1423 802 ἔδωκεν,

124 810 259 849 ἐμμανὴς
274 812 450 852 γενόμενος.
493 815 653 857 Τυνδάρεω
668 817 713 854 δὲ,
730 820 787 850 τοῦ
806 819 922 862 πατρὸς
943 822 1002 859 τῆς
1023 821 1225 864 ἀνῃρημένης,
1244 827 1421 866 κατηγορή-

121 885 235 907 σαντος
249 877 318 908 κατ’
333 879 438 915 αὐτοῦ,
463 878 597 918 ἔμελλον
611 882 743 922 Ἀργεῖοι
759 884 866 922 κοινὴν
880 887 986 927 ψῆφον
1000 887 1184 929 ἐκφέρεσθαι
1206 889 1275 931 περὶ
1297 891 1364 926 τοῦ,
1389 891 1421 921 τί

117 942 166 971 δεῖ
184 943 294 973 παθεῖν
315 942 373 973 τὸν
398 944 610 983 ἀσεβήσαντα.
634 948 714 979 κατὰ
727 948 832 990 τύχην
845 950 876 982 δὲ
892 950 1053 985 Μενέλαος
1072 954 1107 985 ἐκ
1128 955 1187 992 τῆς
1207 954 1330 994 πλάνης
1345 957 1421 987 ὑπο-

118 1006 267 1047 στρέψας,
279 1008 390 1040 νυκτὸς
397 1008 456 1048 μὲν
477 1010 608 1049 Ἑλένην
624 1012 855 1046 εἷσαπέστειλε·
879 1017 945 1055 μεθ’
962 1016 1079 1058 ἡμέραν
1095 1018 1129 1051 δὲ
1143 1019 1237 1052 αὐτὸς
1251 1018 1340 1058 ἦλθε,
1363 1022 1417 1053 καὶ

116 1072 393 1112 παρακαλούμενος
409 1075 459 1105 ὑπ’
473 1076 624 1116 Ὀρέστου
638 1081 792 1117 βοηθῆσαι
808 1081 899 1123 αὐτῷ,
917 1082 1128 1123 ἀντιλέγοντα
1139 1085 1319 1128 Τυνδάρεων
1332 1088 1416 1126 μιίὶλ-π

116 1143 173 1167 λον
196 1138 372 1177 ηὐλαβήθη·
393 1141 572 1180 λεχθέντων
593 1141 627 1175 δὲ
650 1143 757 1183 λόγων
779 1147 813 1177 ἐν
832 1148 898 1178 τοῖς
914 1146 1037 1187 ὄχλοις,
1059 1149 1218 1191 ἐπηνέχθη
1240 1150 1279 1182 τὸ
1294 1153 1416 1189 πλῆθος

111 1202 304 1234 ἀποκτείνειν
316 1204 480 1244 Ὀρέστην.
497 1206 662 1240 *Moundou
678 1208 710 1241 δὲ
725 1211 740 1240 ὁ
756 1211 913 1253 Πυλάδης,
927 1214 943 1244 ὅ
956 1215 1047 1254 φίλος
1060 1215 1166 1253 αὐτοῦ,
1180 1216 1413 1253 συνεβούλευσε

110 1270 231 1307 πρῶτον
247 1268 413 1301 Μενελάου
425 1272 572 1312 τιμωρίαν
586 1275 711 1311 λαβεῖν,
741 1275 872 1314 Ἑλένην
888 1278 1146 1313 ἀποκτείναντας.
1171 1281 1261 1313 αὐτοὶ
1275 1281 1334 1322 μὲν
1357 1281 1411 1315 οὖν

111 1332 161 1363 ἐπὶ
175 1334 299 1365 τούτοις
315 1335 461 1367 ἐλθόντες
475 1338 703 1377 διεψεύσθησαν
717 1341 774 1378 τῆς
790 1342 925 1384 ἐλπίδος,
943 1346 1020 1376 θεῶν
1033 1344 1092 1384 τὴν
1106 1345 1238 1386 Ἑλένην
1252 1345 1412 1388 ἁρπασάν-

108 1410 179 1428 των.
196 1398 353 1439 Ἠλέκτρα
364 1399 397 1432 δὲ
410 1401 570 1441 Ἑρμιόνην
585 1405 789 1444 ἐπιφανεῖσαν
804 1406 916 1439 ἔδωκεν
932 1408 975 1440 εἰς
990 1411 1099 1450 χεῖρας
1113 1410 1230 1443 αὐτοῖς·
1246 1411 1276 1444 οἱ
1284 1411 1317 1457 δὲ
1332 1413 1408 1445 ταύ-

108 1474 167 1499 την
182 1463 323 1502 φονεύειν
338 1463 485 1504 ἔμελλον.
502 1468 659 1509 ἐπιφανεὶς
674 1470 707 1503 δὲ
720 1470 882 1504 Μενέλαος
893 1472 944 1504 καὶ
955 1472 1086 1509 βλέπων
1099 1474 1212 1507 ἑαυτὸν
1222 1475 1286 1515 ἅμα
1297 1488 1407 1517 γυναι-

106 1528 159 1559 κὸς
169 1528 219 1560 καὶ
235 1529 348 1562 τέκνου
357 1532 562 1571 στερούμενον
578 1534 627 1565 ὑπ’
642 1535 753 1572 αὐτῶν,
771 1536 949 1574 ἐπεβάλετο
963 1539 1004 1571 τὰ
1018 1539 1169 1576 βασίλεια
1177 1543 1312 1583 πορθεῖν·
1328 1543 1359 1575 οἱ
1373 1544 1407 1576 δὲ

105 1581 284 1632 φθάσαντες
300 1595 434 1637 ὑφάψειν
444 1597 632 1636 ἠπείλησαν.
656 1602 816 1641 ἐπιφανεὶς
839 1603 871 1635 δὲ
887 1603 1052 1636 Ἀπόλλων
1067 1605 1199 1645 Ἑλένην
1210 1607 1269 1647 μὲν
1284 1607 1405 1649 ἔφησεν

105 1658 149 1690 εἷς
171 1659 257 1691 θεοὺς
282 1660 476 1702 διακομίζειν,
502 1664 636 1707 Ὀρέστῃ
664 1666 696 1698 δὲ
724 1667 884 1709 Ἑρμιόνην
915 1669 1046 1710 ἐπέταξε
1064 1673 1190 1710 λαβεῖν,
1217 1673 1346 1716 Πυλάδῃ
1369 1674 1403 1707 δὲ

100 1723 276 1765 Ἠλέκτραν
287 1726 470 1763 συνοικίσαι,
485 1728 665 1770 καθαρθέντι
676 1730 709 1763 δὲ
723 1733 780 1764 τοῦ
791 1733 900 1774 φόνου,
909 1734 1044 1777 ’Ἀργους
1055 1735 1175 1778 ἄρχειν.
1203 1738 1239 1770 Ἥ
1250 1738 1309 1778 μὲν
1324 1749 1401 1777 σκη-

103 1789 139 1827 νὴ
153 1790 210 1821 τοῦ
225 1791 380 1831 δράματος
395 1792 553 1825 ὑπόκειται
569 1794 602 1826 ἐν
619 1795 738 1836 νΑργει·
763 1799 778 1828 ὁ
802 1798 835 1830 δὲ
857 1799 953 1842 χορὸς
976 1801 1170 1840 συνέστηκεν
1189 1803 1225 1835 ἐκ
1245 1807 1401 1843 γυναικῶν

100 1854 259 1895 Ἀργείων,
273 1855 478 1893 ἦλικιωτίδων
488 1859 673 1902 Ἠλέκτρας,
690 1861 721 1893 αἳ
736 1862 787 1894 καὶ
802 1865 1037 1905 παραγίνονται,
1054 1866 1130 1908 ὑπὲρ
1143 1868 1202 1906 τῆς
1215 1869 1273 1900 τοῦ
1287 1869 1397 1910 Ὀρέσ-

99 1930 155 1949 του
170 1920 392 1959 πυνθανόμεναι
408 1925 578 1965 συμφορᾶς.
593 1925 632 1956 τὸ
647 1925 680 1957 δὲ
700 1928 801 1968 δρᾶμα
815 1930 1030 1972 κωμικωτέραν
1051 1933 1120 1972 ἔχει
1141 1933 1201 1971 τὴν
1223 1945 1395 1976 καταστρο-

99 1983 173 2021 φήν.
192 1984 212 2022 ἡ
228 1984 261 2016 δὲ
277 1987 423 2025 διασκευὴ
444 1990 502 2020 τοῦ
524 1989 678 2029 δράματός
702 1992 769 2024 ἐστι
791 1993 932 2032 τοιαύτη·
948 1995 1024 2037 πρὸς
1037 1996 1079 2028 τὰ
1093 1998 1150 2028 τοῦ
1162 1998 1396 2038 Ἀγαμέμνονος

98 2048 247 2083 βασίλεια
261 2050 420 2083 ὑπόκειται
433 2053 585 2094 Ὀρέστης
600 2055 734 2094 κάμνων,
751 2057 803 2089 καὶ
816 2058 955 2098 κείμενος
971 2060 1028 2091 ὑπὸ
1042 2061 1154 2101 μανίας
1169 2063 1219 2095 ἐπὶ
1231 2065 1394 2103 κλινιδίου,

96 2111 120 2152 ᾦ
132 2114 374 2155 προσκαθίζεται
387 2117 463 2158 πρὸς
477 2120 543 2150 τοῖς
555 2120 649 2152 ποσὶν
662 2121 828 2164 Ἠλέκτρα.
844 2126 1033 2166 διαπορεῖται
1048 2125 1091 2163 δὲ,
1103 2126 1136 2158 τί
1145 2127 1261 2165 δήποτε
1271 2129 1307 2160 οὗ
1316 2129 1391 2171 πρὸς

94 2179 134 2218 τῇ
149 2181 276 2222 κεφαλῇ
291 2180 463 2221 καθέζεται.
480 2183 576 2216 οὕτως
587 2185 621 2217 δὲ
634 2187 762 2225 μᾶλλον
778 2188 878 2221 ἐδόκει
891 2189 949 2220 τὸν
963 2190 1103 2231 ἀδελφὸν
1113 2195 1274 2235 τημελεῖν,
1285 2194 1388 2235 τούτῳ

93 2244 365 2285 παρακαθεζομένη
380 2248 613 2291 πλησιαίτερον.
628 2250 729 2283 ἔοικεν
743 2251 798 2284 οὖν
813 2254 862 2285 διὰ
875 2254 931 2286 τὸν
945 2255 1043 2296 χορὸν
1055 2256 1071 2287 ὃ
1083 2257 1213 2295 ποιητὴς
1225 2259 1388 2291 διασκευά-

93 2319 157 2340 σαι·
174 2309 320 2351 διηγέρθη
334 2312 397 2354 γὰρ
411 2313 450 2345 ἂν
465 2315 482 2344 ὁ
496 2314 661 2358 Ὀρέστης,
671 2317 739 2358 ἄρτι
755 2318 806 2350 καὶ
820 2319 913 2358 μόγις
928 2321 1139 2362 καταδραθεὶς,
1160 2323 1386 2365 πλησιαίτερον

93 2418 153 2437 *³⁶*
176 2421 335 2452 Lacunam
347 2425 425 2455 hanc
436 2426 563 2464 explere
576 2437 692 2457 conan-
736 2430 907 2468 προίεσθαι,
933 2432 1010 2462 alter
1036 2432 1308 2474 ἐπαγγειλάμενον
1328 2434 1382 2465 αὐ·

49 2466 99 2491 tur
108 2463 235 2494 codices
245 2465 434 2497 Dorvilliaui
446 2467 521 2503 duo,
533 2479 630 2509 nuper
643 2471 691 2500 in·
736 2472 792 2503 τὸν
807 2474 843 2504 ἐκ
862 2475 919 2504 τοῦ
940 2473 1013 2508 βίον
1033 2475 1202 2516 προίεσθαι.
1247 2477 1314 2508 Hos
1329 2487 1382 2509 co-

48 2508 94 2534 ter
104 2504 295 2538 Bodleianos
305 2510 445 2549 repositi,
461 2511 513 2540 sed
531 2514 690 2555 nonflopti—
736 2515 823 2546 dices
837 2516 931 2549 citavi
945 2517 985 2548 ad
999 2517 1080 2550 Hec.
1098 2521 1194 2553 1095.
1211 2520 1312 2552 Orest.
1328 2523 1382 2553 92,

46 2556 96 2576 mo
111 2558 265 2581 successu.
294 2550 386 2583 Alter
399 2553 487 2583 addit
498 2552 517 2586 ὃ,
526 2553 577 2584 καὶ
590 2557 687 2594 ἐπαγ·
730 2561 807 2591 428.

46 2590 231 2630 γειλάμενος
245 2593 338 2626 αὐτὸς
352 2597 490 2633 ποιῆσαι,
506 2597 606 2630 ἐιότοῦ
615 2598 687 2634 βίου

166 2652 277 2693 Eurip.
296 2654 354 2685 Or.
818 2690 825 2699 ,,
1213 2666 1243 2697 A
