1565 2834
505 139 994 198 ΦΟΙΝΙΣΣΑ1

1380 140 1414 189 Ox

155 283 345 374 ἕσπειξεν
374 287 475 353 ἡμῖν
501 282 659 344 παῖδα,
686 306 766 333 και
795 281 978 353 σπεῖξας
1005 279 1186 351 βξέφος,

154 357 282 425 «γνοὺς
311 359 662 427 τάμπλάκημα,
683 380 760 408 του
739 357 876 407 θεοῦ
902 377 949 406 τε
978 378 1050 413 την
1078 355 1222 419 φάτιν,

157 431 334 502 λειμῶν’
362 433 403 491 ἐς
422 431 594 504 ἸΗξας,
619 430 700 482 καὶ
731 430 992 500 Κιθαιρωνος
1021 428 1168 486 λέπας

157 506 304 559 δίδωσι
330 505 619 570 βουκόλοισιν
646 506 831 556 ἐκθειναι
857 503 1039 574 βρέφος,

1292 516 1411 554 ’25

155 583 323 652 σφυξῶν
350 580 511 652 σιδηξοῖ
538 580 700 651 κέντξα
728 577 961 648 διαπείρας
987 577 1135 644 μέσον,

155 654 245 707 ἕθεν
274 680 327 707 νιν
351 655 536 713 Ἑλλοὶς
567 653 788 724 ὠνόμαζεν
816 651 1045 705 Οἰδίπουν.
1208 705 1211 707 μ

162 728 390 792 Πολύβου
418 728 463 781 δέ
494 753 547 780 νιν
574 727 800 792 λαβόντες
828 724 1155 789 ἷπποβουκολοι

157 803 330 874 φέξοοσ’
361 803 401 862 ἒς
429 800 590 861 οἴκους·
621 801 680 861 εἷς
709 825 756 854 τε
786 800 1005 858 δεσποίνης
1032 800 1178 872 χὲξας

158 874 329 936 ἔθηκαν·
361 880 383 936 ἦ
413 877 456 929 δὲ
487 875 556 929 τὸν
584 874 685 946 ἐμὸν
713 876 856 927 ὠδίνων
885 874 1004 926 πόνον

1357 888 1412 923 30

154 974 352 1019 ααστοις
381 951 543 1017 ὑφειτο,
569 951 650 1002 καὶ
678 974 801 1002 ποσιν
827 950 962 1001 πείθει
992 953 1149 1000 τεκεῖν.

159 1023 239 1084 ἤδη
269 1024 311 1077 δε
340 1031 532 1097 πυξσαῖς
561 1047 730 1091 γενυσιν
759 1022 1105 1095 ἐξανδρούμενος,

155 1105 262 1157 ταῖς
290 1098 437 1167 οὐμος,
466 1125 488 1159 η
518 1124 656 1164 γνους,
683 1098 709 1158 7'7'
735 1123 844 1157 τινος
869 1096 1020 1167 μαθῶν
1048 1120 1189 1169 παρα,

156 1170 347 1242 ἔστειχε,
376 1198 475 1232 τους
504 1173 736 1239 φύσαντας
765 1173 974 1242 εκμαθειν
1001 1169 1143 1231 θελων,

158 1244 262 1318 «γι-ξος
292 1248 422 1316 δῶμα
450 1248 639 1311 Φοίβου·
682 1247 832 1306 Λαῖός
861 1248 898 1298 θ’
930 1244 1064 1316 ὁῦμδς
1091 1244 1229 1306 πόσις,

125 1376 178 1404 22.
204 1373 295 1404 Idem
307 1375 510 1414 pleonasmus
523 1374 593 1404 Ion.
606 1377 657 1406 16.
673 1388 724 1406 τε-

79 1417 169 1448 κοῦσ’
186 1417 220 1446 ἐν
236 1418 328 1448 οἴκοις
341 1418 435 1452 παῖδ’,
460 1418 638 1457 ἀπήνεγκεν
652 1418 724 1458 βρέ-

81 1466 151 1498 φος,
164 1459 276 1490 similis
294 1460 363 1499 [ph.
378 1460 416 1490 T.
432 1463 508 1492 2:39.
529 1461 724 1500 Ἀγαμέμνο-

82 1514 133 1533 νος
157 1504 221 1542 παῖ,
244 1502 293 1533 καὶ
319 1503 599 1543 Κλυταιμνήστρας
620 1503 724 1535 τέκος·

84 1545 138 1575 ubi
154 1555 224 1575 cum
240 1546 325 1585 prius
340 1558 376 1576 τε
392 1556 448 1585 pro
465 1548 524 1576 παῖ
535 1547 724 1587 conjecisset

83 1588 292 1618 Marklandus
318 1589 358 1618 ad
383 1589 495 1629 Suppl.
517 1592 592 1620 932.
615 1596 725 1628 postea

83 1631 247 1670 vulgatum
263 1631 416 1661 defendit.
460 1631 521 1661 Sed
537 1632 725 1662 insolentior

82 1673 178 1703 etiam
205 1675 407 1714 pleonasmus
433 1675 569 1705 occurrit
582 1684 653 1704 mox
670 1678 724 1706 47.

127 1761 180 1790 26.
202 1759 306 1798 μέσων
321 1759 413 1789 Cant.
448 1759 641 1800 Sequentem
655 1769 726 1790 ver-

81 1811 152 1831 sum
179 1803 321 1841 spun'um
346 1803 566 1842 pronunciavit
592 1803 725 1834 Valcke-

82 1844 223 1878 naerius,
234 1845 368 1875 omisere
384 1846 562 1875 Brunckius
573 1851 604 1876 et
620 1846 725 1876 Beck·

83 1887 144 1917 ius.
167 1888 248 1917 Sane
265 1898 328 1918 non
347 1888 441 1918 nimis
458 1889 587 1928 elegans
605 1894 654 1918 est
670 1899 725 1918 ne-

83 1940 145 1969 que
168 1936 343 1960 accuratus.
387 1931 450 1961 Sed
476 1941 547 1960 cum
572 1938 726 1971 reputem,

82 1973 132 2002 vix
148 1973 215 2003 ficri
229 1983 338 2013 possef
348 1979 379 2002 ut
391 1974 430 2003 de
442 1974 579 2003 nominis
593 1975 726 2013 OEdipo-

83 2015 135 2045 dei
163 2021 268 2057 etymo
295 2022 414 2047 taceret
437 2016 615 2055 Euripides,
642 2018 726 2057 quod

86 2064 257 2088 memoratu
274 2059 401 2099 dignum
420 2061 544 2089 censuit
559 2065 591 2089 et
607 2060 728 2099 Sopho-

84 2101 150 2130 cles
162 2101 233 2131 OEd.
246 2102 283 2132 T.
298 2106 393 2133 1036.
409 2102 482 2133 ὥστ’
498 2101 677 2140 ὠνομάσθης
695 2104 729 2134 ἐκ

83 2143 185 2183 τύχης
199 2143 328 2182 ταύτης,
344 2145 378 2175 ὃς
394 2144 431 2181 εἶ,
447 2155 510 2175 11011
527 2146 639 2175 adduci
655 2156 728 2185 pos·

86 2196 165 2222 sum,
198 2193 234 2217 ut
268 2189 352 2218 hunc
384 2199 507 2218 versum
538 2199 729 2228 expungam.

85 2229 170 2260 Mire
197 2231 408 2261 hallucinatur
436 2231 617 2260 Eustathius
634 2234 673 2261 al
691 2232 728 2262 11.

86 2276 119 2302 Ζ.
142 2283 173 2312 p.
193 2276 267 2303 650.
289 2277 342 2304 4³.
367 2275 459 2313 (513
475 2276 544 2307 43.)
572 2284 644 2303 cum
668 2275 728 2305 huc

84 2317 180 2345 trahit
195 2316 304 2345 Phoen.
322 2319 395 2347 818.
420 2317 623 2357 χρυσοδέτοις
637 2317 726 2358 περό-

86 2368 150 2390 ναις
180 2357 342 2396 ἐπισαμον·
381 2361 435 2388 sed
466 2359 510 2388 ibi
538 2360 650 2389 eadem
680 2371 728 2391 res

86 2406 217 2440 spectat
213 2413 256 2436 11,
280 2411 349 2441 qure
372 2412 403 2432 v,
425 2404 478 2432 60.
525 2401 606 2432 Η1110
622 2408 728 2433 autem

88 2445 192 2484 arguit
216 2444 476 2478 Valckenaerius,
502 2444 585 2474 hunc
600 2455 728 2476 versum

88 2486 254 2517 Eustathio
264 2488 402 2527 ignotum
415 2488 527 2517 fuisse.
550 2487 648 2518 Porro
656 2487 729 2520 ὠνό-

87 2540 188 2567 μασεν
204 2530 246 2559 Κ.
260 2535 292 2560 ct
307 2540 325 2559 a
339 2540 434 2560 manu
451 2529 550 2569 prima
566 2531 614 2560 M.

131 2576 184 2604 28.
209 2572 440 2603 Grammaticus
453 2573 731 2612 sangermanensis

87 2616 172 2654 apud
197 2615 484 2645 Valckenaerium:
512 2617 732 2649 Βουκολεῖσθαι

88 2657 191 2696 αἶγας.
215 2659 350 2689 Εὔπολις
376 2657 469 2697 Αἰξίν.
493 2658 733 2695 Ἱπποβουκόλοι.

88 2701 249 2742 Εὐριπίδης
271 2702 456 2733 Φοινίσσαις.
474 2699 582 2733 “Imma
606 2703 732 2738 ἐβουκο-

1361 1259 1415 1294 35

770 1374 883 1405 λέοντο
895 1373 974 1404 dixit
989 1372 1148 1403 Homerus
1165 1372 1204 1402 Il.
1218 1376 1254 1402 T.
1269 1372 1344 1402 220.
1359 1369 1415 1400 ubi

769 1418 954 1448 Eustathius
970 1426 1002 1456 p.
1022 1419 1116 1447 1205.
1132 1419 1184 1447 51.
1209 1409 1324 1455 (1281.
1342 1416 1393 1444 13.
1400 1413 1414 1451 )

769 1468 801 1490 et
815 1460 1007 1490 Scholiastes
1023 1458 1194 1489 Villoisoni
1208 1462 1354 1488 nostrum
1371 1456 1415 1486 ci-

768 1508 847 1533 tant.
893 1503 930 1532 In
944 1502 1075 1532 Polluce
1087 1501 1140 1531 vii.
1151 1504 1226 1532 185.
1248 1500 1415 1540 Σοφοκλῆς

770 1543 996 1580 ιπποβουκόλοι
1029 1549 1116 1574 recte
1145 1542 1308 1583 Εὐριπιδης
1335 1542 1414 1573 Val-

769 1588 966 1619 ckenaerium
982 1587 1085 1626 legere
1100 1586 1243 1621 arbitror,
1259 1596 1332 1616 cum
1346 1586 1415 1615 haec

769 1631 896 1660 nomina
911 1636 1066 1669 perpetuo
1082 1628 1327 1659 confundantur.
1357 1627 1415 1668 [V.

768 1681 835 1703 1101.
859 1673 897 1703 ad
924 1672 1058 1712 Gregor.
1081 1671 1154 1702 Cor
1170 1681 1243 1712 pag.
1258 1674 1311 1702 66.
1327 1675 1360 1700 et
1375 1671 1415 1700 ad

770 1716 920 1755 Sophocl.
948 1714 1094 1745 Trachin.
1121 1717 1213 1745 1127.
1238 1714 1280 1744 G.
1299 1714 1344 1744 H.
1361 1713 1415 1767 S·]

771 1759 924 1788 Priscian.
951 1758 1023 1787 xvii.
1043 1768 1076 1797 Ρ.
1103 1760 1197 1788 1105.
1219 1759 1270 1787 36.
1294 1754 1416 1796 Εὐριπι·

771 1803 836 1838 δης·
860 1800 882 1831 ὠ
897 1800 959 1833 θεοὶ
974 1801 1110 1840 πατρῷοι
1125 1800 1291 1838 συγγενεῖς
1305 1811 1342 1830 τε
1359 1798 1415 1830 ἆλ-

769 1845 813 1875 λὰ
828 1845 892 1875 νῦν.
931 1844 1026 1883 Lege,
1048 1844 1225 1882 Σοφοκλῆς·
1241 1840 1264 1872 ὠ
1280 1840 1342 1873 Θεοὶ
1357 1854 1415 1873 πα-

770 1890 875 1929 τρῷοι,
891 1886 1081 1926 ξυγγένεσθέ
1094 1887 1124 1925 ’γ’
1141 1884 1228 1917 ἀλλὰ
1242 1886 1307 1917 νῦν.
1352 1885 1415 1916 Lo-

771 1942 826 1961 cus
842 1937 892 1961 est
908 1930 1022 1960 Electr.
1039 1932 1114 1960 411.

814 1977 867 2004 30.
889 1975 953 2003 τῶν
968 1974 1048 2010 ἐμῶν
1069 1972 1143 2001 Ald.
1160 1976 1194 2001 et
1208 1971 1336 2002 codices
1351 1981 1415 2001 non

770 2016 874 2056 pauci.
913 2016 1054 2052 Quidam
1066 2015 1123 2046 τὸν
1134 2015 1225 2053 ἐμῶν.
1247 2014 1352 2044 Schol.
1366 2014 1417 2044 ed.

771 2060 873 2098 prima
883 2061 946 2089 τῶν
957 2058 1042 2097 ἐμὸν.
1087 2058 1151 2088 Sed
1165 2057 1222 2088 τὸν
1235 2057 1309 2095 ἐμὸν
1324 2057 1418 2087 Leid.

772 2113 863 2137 unus,
882 2102 966 2133 Flor.
983 2103 1035 2142 (ut
1049 2101 1192 2141 videtur)
1210 2100 1304 2131 Cant.
1321 2099 1359 2132 C.
1374 2100 1417 2130 K.

773 2145 808 2175 L.
824 2145 890 2175 alii.

816 2191 869 2219 34.
891 2186 962 2218 τοὺς
978 2185 1140 2226 φύσαντας
1155 2196 1265 2216 omnes
1289 2186 1360 2216 edd.
1387 2192 1418 2216 et

772 2231 855 2262 Mss.
901 2230 965 2260 Sed
991 2240 1065 2260 cum
1087 2231 1169 2259 hunc
1195 2229 1320 2259 titulum
1346 2239 1417 2259 cum

772 2279 871 2303 matre
895 2273 1161 2303 communicatum
1185 2272 1328 2302 no'uisse
1352 2272 1417 2302 Eu·

774 2317 907 2365 11Ρ1110111
917 2315 1073 2346 existimet
1081 2315 1342 2350 Valckenaerius,
1354 2315 1418 2345 lec-

771 2359 892 2390 tionem
909 2358 1033 2400 praefeit
1047 2368 1066 2388 a
1081 2359 1233 2388 Strabone
1254 2368 1420 2388 conserva-

772 2407 837 2432 tam
862 2402 921 2432 xvi.
948 2412 981 2441 Ρ.
1009 2404 1102 2432 1105.
1119 2403 1157 2431 C.
1171 2400 1243 2432 τοὺς
1257 2399 1419 2434 τεκόντας.

773 2445 830 2475 Me
847 2445 987 2485 quidem,
1006 2454 1047 2474 ne
1070 2445 1129 2473 1100
1151 2445 1337 2484 reciperem,
1363 2444 1418 2474 de-

775 2489 885 2518 terruit
900 2488 989 2518 locus
1004 2486 1097 2517 Med.
1113 2490 1209 2518 1059.
1230 2487 1284 2516 ubi
1301 2487 1419 2518 Medea

775 2531 814 2561 de
831 2542 864 2561 se
881 2531 948 2560 sola
963 2531 1093 2560 verbum
1115 2528 1308 2569 ἐξεφύσαμεν
1331 2529 1420 2559 adhi—

776 2575 839 2604 bet.
884 2573 1002 2603 Noster
1028 2572 1129 2603 Inone
1150 2572 1236 2613 apud
1260 2573 1420 2603 Stobaeum

775 2616 901 2647 xxxviii.
915 2627 946 2655 p.
959 2619 1032 2646 149.
1043 2614 1095 2647 Τίς
1108 2614 1165 2657 ἆρα
1173 2614 1278 2655 μήτηρ
1288 2615 1308 2653 ἢ
1317 2618 1420 2656 πατὴρ

777 2659 873 2691 κακὸν
894 2658 978 2698 μέγα
1000 2661 1125 2700 Βροτοΐς
1139 2659 1237 2700 ἔφυσε
1250 2658 1307 2691 τὸν
1323 2659 1420 2691 δυσώ-

777 2715 871 2742 νυμον
885 2701 1001 2742 φθόνον
1012 2714 1022 2742 3
