<?xml version="1.0" encoding="UTF-8"?>
<!DOCTYPE html PUBLIC "-//W3C//DTD XHTML 1.0 Transitional//EN"
    "http://www.w3.org/TR/xhtml1/DTD/xhtml1-transitional.dtd">
<html xmlns="http://www.w3.org/1999/xhtml" xml:lang="en" lang="en">
 <head>
  <title>
</title>
<meta http-equiv="Content-Type" content="text/html;charset=utf-8" />
  <meta name='ocr-system' content='tesseract 3.04.00' />
  <meta name='ocr-capabilities' content='ocr_page ocr_carea ocr_par ocr_line ocrx_word'/>
</head>
<body>
  <div class='ocr_page' id='page_1' title='image "./hecubaorestesph00euriuoft_0213.png"; bbox 0 0 1596 2824; ppageno 0'>
   <div class='ocr_carea' id='block_1_1' title="bbox 426 456 790 511">
    <p class='ocr_par' dir='ltr' id='par_1_1' title="bbox 426 456 790 511">
     <span class='ocr_line' id='line_1_1' title="bbox 426 456 790 511; baseline 0.011 -4"><span class='ocrx_word' id='word_1_1' title='bbox 426 456 695 510; x_wconf 65' lang='lat' dir='ltr'>{NDEX</span> <span class='ocrx_word' id='word_1_2' title='bbox 744 462 790 511; x_wconf 80' lang='lat' dir='ltr'>G</span> 
     </span>
    </p>
   </div>
   <div class='ocr_carea' id='block_1_2' title="bbox 407 833 442 859">
    <p class='ocr_par' dir='ltr' id='par_1_2' title="bbox 407 833 442 859">
     <span class='ocr_line' id='line_1_2' title="bbox 407 833 442 859; baseline 0 0"><span class='ocrx_word' id='word_1_3' title='bbox 407 833 442 859; x_wconf 70' lang='lat' dir='ltr'>A.</span> 
     </span>
    </p>
   </div>
   <div class='ocr_carea' id='block_1_3' title="bbox 95 914 747 2635">
    <p class='ocr_par' dir='ltr' id='par_1_3' title="bbox 102 914 747 1084">
     <span class='ocr_line' id='line_1_3' title="bbox 102 914 747 956; baseline -0.003 -10"><span class='ocrx_word' id='word_1_4' title='bbox 102 928 122 946; x_wconf 82' lang='grc' dir='ltr'>α</span> <span class='ocrx_word' id='word_1_5' title='bbox 149 915 318 946; x_wconf 73' lang='lat' dir='ltr'>accusativi</span> <span class='ocrx_word' id='word_1_6' title='bbox 341 915 503 956; x_wconf 81' lang='lat' dir='ltr'>singularis</span> <span class='ocrx_word' id='word_1_7' title='bbox 525 914 687 945; x_wconf 81' lang='lat' dir='ltr'>nominum</span> <span class='ocrx_word' id='word_1_8' title='bbox 714 914 747 944; x_wconf 77' lang='lat' dir='ltr'>in</span> 
     </span>
     <span class='ocr_line' id='line_1_4' title="bbox 145 958 747 997; baseline -0.003 -9"><span class='ocrx_word' id='word_1_9' title='bbox 145 959 194 988; x_wconf 73' lang='grc' dir='ltr'>εὺς</span> <span class='ocrx_word' id='word_1_10' title='bbox 209 959 432 994; x_wconf 75' lang='lat' dir='ltr'>desinentium,</span> <span class='ocrx_word' id='word_1_11' title='bbox 454 969 493 987; x_wconf 78' lang='lat' dir='ltr'>cx</span> <span class='ocrx_word' id='word_1_12' title='bbox 515 959 621 997; x_wconf 77' lang='lat' dir='ltr'>regula</span> <span class='ocrx_word' id='word_1_13' title='bbox 635 958 747 987; x_wconf 72' lang='lat' dir='ltr'>Gram-</span> 
     </span>
     <span class='ocr_line' id='line_1_5' title="bbox 144 1000 746 1041; baseline 0.002 -11"><span class='ocrx_word' id='word_1_14' title='bbox 144 1001 327 1031; x_wconf 82' lang='lat' dir='ltr'>maticorum</span> <span class='ocrx_word' id='word_1_15' title='bbox 334 1000 746 1041; x_wconf 75' lang='lat' dir='ltr'>producendum,iuterdum</span> 
     </span>
     <span class='ocr_line' id='line_1_6' title="bbox 145 1043 387 1084; baseline 0.008 -10"><span class='ocrx_word' id='word_1_16' title='bbox 145 1043 309 1084; x_wconf 82' lang='lat' dir='ltr'>corripitur</span> <span class='ocrx_word' id='word_1_17' title='bbox 323 1047 387 1076; x_wconf 86' lang='lat'>870</span> 
     </span>
    </p>

    <p class='ocr_par' dir='ltr' id='par_1_4' title="bbox 102 1088 438 1119">
     <span class='ocr_line' id='line_1_7' title="bbox 102 1088 438 1119; baseline -0.003 0"><span class='ocrx_word' id='word_1_18' title='bbox 102 1100 121 1119; x_wconf 86' lang='grc' dir='ltr'>α</span> <span class='ocrx_word' id='word_1_19' title='bbox 136 1093 168 1118; x_wconf 83' lang='lat' dir='ltr'>et</span> <span class='ocrx_word' id='word_1_20' title='bbox 183 1099 216 1118; x_wconf 82' lang='grc' dir='ltr'>ος</span> <span class='ocrx_word' id='word_1_21' title='bbox 231 1088 361 1118; x_wconf 83' lang='lat' dir='ltr'>confusa</span> <span class='ocrx_word' id='word_1_22' title='bbox 374 1090 438 1118; x_wconf 81' lang='grc'><strong>782</strong></span> 
     </span>
    </p>

    <p class='ocr_par' dir='ltr' id='par_1_5' title="bbox 101 1129 473 1169">
     <span class='ocr_line' id='line_1_8' title="bbox 101 1129 473 1169; baseline 0 -7"><span class='ocrx_word' id='word_1_23' title='bbox 101 1130 230 1169; x_wconf 76' lang='grc' dir='ltr'>ἄγαλμα</span> <span class='ocrx_word' id='word_1_24' title='bbox 245 1129 379 1169; x_wconf 76' lang='grc' dir='ltr'>Ἑκάτης</span> <span class='ocrx_word' id='word_1_25' title='bbox 390 1133 473 1162; x_wconf 85' lang='grc'><strong>1247</strong></span> 
     </span>
    </p>

    <p class='ocr_par' dir='ltr' id='par_1_6' title="bbox 99 1173 299 1213">
     <span class='ocr_line' id='line_1_9' title="bbox 99 1173 299 1213; baseline 0.005 -8"><span class='ocrx_word' id='word_1_26' title='bbox 99 1173 220 1213; x_wconf 76' lang='grc' dir='ltr'>ἄγαμος</span> <span class='ocrx_word' id='word_1_27' title='bbox 235 1177 299 1206; x_wconf 91' lang='grc'>610</span> 
     </span>
    </p>

    <p class='ocr_par' dir='ltr' id='par_1_7' title="bbox 98 1215 746 1302">
     <span class='ocr_line' id='line_1_10' title="bbox 98 1215 746 1258; baseline 0.002 -9"><span class='ocrx_word' id='word_1_28' title='bbox 98 1216 276 1257; x_wconf 70' lang='grc' dir='ltr'>ἀγγέλλειν</span> <span class='ocrx_word' id='word_1_29' title='bbox 285 1228 355 1249; x_wconf 83' lang='lat' dir='ltr'>cum</span> <span class='ocrx_word' id='word_1_30' title='bbox 366 1215 532 1257; x_wconf 84' lang='lat' dir='ltr'>adjectivis</span> <span class='ocrx_word' id='word_1_31' title='bbox 542 1220 616 1250; x_wconf 85' lang='grc'><strong>423.</strong></span> <span class='ocrx_word' id='word_1_32' title='bbox 624 1216 746 1258; x_wconf 81' lang='grc' dir='ltr'>ἠγγέλ-</span> 
     </span>
     <span class='ocr_line' id='line_1_11' title="bbox 144 1260 449 1302; baseline 0 -10"><span class='ocrx_word' id='word_1_33' title='bbox 144 1263 211 1302; x_wconf 87' lang='grc' dir='ltr'>θην,</span> <span class='ocrx_word' id='word_1_34' title='bbox 223 1260 371 1301; x_wconf 78' lang='grc' dir='ltr'>ἠγγέλην</span> <span class='ocrx_word' id='word_1_35' title='bbox 385 1264 449 1292; x_wconf 89' lang='grc'>666</span> 
     </span>
    </p>

    <p class='ocr_par' dir='ltr' id='par_1_8' title="bbox 101 1303 746 1345">
     <span class='ocr_line' id='line_1_12' title="bbox 101 1303 746 1345; baseline 0.003 -10"><span class='ocrx_word' id='word_1_36' title='bbox 101 1303 210 1343; x_wconf 80' lang='grc' dir='ltr'>ἄγγος.</span> <span class='ocrx_word' id='word_1_37' title='bbox 241 1304 363 1344; x_wconf 78' lang='grc' dir='ltr'>τᾶγγος</span> <span class='ocrx_word' id='word_1_38' title='bbox 394 1308 426 1334; x_wconf 80' lang='lat' dir='ltr'>et</span> <span class='ocrx_word' id='word_1_39' title='bbox 462 1304 576 1345; x_wconf 82' lang='grc' dir='ltr'>τεῦχος</span> <span class='ocrx_word' id='word_1_40' title='bbox 613 1305 746 1337; x_wconf 80' lang='lat' dir='ltr'>confusa</span> 
     </span>
    </p>

    <p class='ocr_par' dir='ltr' id='par_1_9' title="bbox 102 1389 618 1432">
     <span class='ocr_line' id='line_1_13' title="bbox 102 1389 618 1432; baseline 0.002 -11"><span class='ocrx_word' id='word_1_41' title='bbox 102 1389 220 1431; x_wconf 72' lang='grc' dir='ltr'>ἄγκυρα</span> <span class='ocrx_word' id='word_1_42' title='bbox 235 1401 329 1423; x_wconf 81' lang='lat' dir='ltr'>sensu</span> <span class='ocrx_word' id='word_1_43' title='bbox 347 1390 561 1432; x_wconf 73' lang='lat' dir='ltr'>metaphoric-o</span> <span class='ocrx_word' id='word_1_44' title='bbox 576 1393 618 1423; x_wconf 82' lang='lat'>78</span> 
     </span>
    </p>

    <p class='ocr_par' dir='ltr' id='par_1_10' title="bbox 99 1433 664 1474">
     <span class='ocr_line' id='line_1_14' title="bbox 99 1433 664 1474; baseline 0.005 -10"><span class='ocrx_word' id='word_1_45' title='bbox 99 1433 184 1474; x_wconf 79' lang='grc' dir='ltr'>ᾅδειν</span> <span class='ocrx_word' id='word_1_46' title='bbox 199 1441 232 1465; x_wconf 83' lang='lat' dir='ltr'>et</span> <span class='ocrx_word' id='word_1_47' title='bbox 247 1434 321 1466; x_wconf 76' lang='grc' dir='ltr'>ἰδεῖν</span> <span class='ocrx_word' id='word_1_48' title='bbox 335 1435 464 1466; x_wconf 84' lang='lat' dir='ltr'>confusa</span> <span class='ocrx_word' id='word_1_49' title='bbox 478 1434 565 1466; x_wconf 83' lang='lat' dir='ltr'>Add.</span> <span class='ocrx_word' id='word_1_50' title='bbox 582 1437 664 1467; x_wconf 87' lang='lat'>1161</span> 
     </span>
    </p>

    <p class='ocr_par' dir='ltr' id='par_1_11' title="bbox 97 1476 347 1515">
     <span class='ocr_line' id='line_1_15' title="bbox 97 1476 347 1515; baseline 0.008 -8"><span class='ocrx_word' id='word_1_51' title='bbox 97 1476 231 1515; x_wconf 81' lang='grc' dir='ltr'>ἅδηκτος</span> <span class='ocrx_word' id='word_1_52' title='bbox 244 1479 347 1509; x_wconf 80' lang='lat' dir='ltr'>active</span> 
     </span>
    </p>

    <p class='ocr_par' dir='ltr' id='par_1_12' title="bbox 101 1519 744 1648">
     <span class='ocr_line' id='line_1_16' title="bbox 101 1519 744 1561; baseline 0.003 -11"><span class='ocrx_word' id='word_1_53' title='bbox 101 1519 158 1557; x_wconf 83' lang='grc' dir='ltr'>ἀεὶ,</span> <span class='ocrx_word' id='word_1_54' title='bbox 174 1520 232 1552; x_wconf 81' lang='grc' dir='ltr'>αἰεὶ</span> <span class='ocrx_word' id='word_1_55' title='bbox 259 1521 290 1551; x_wconf 85' lang='lat' dir='ltr'>ii.</span> <span class='ocrx_word' id='word_1_56' title='bbox 311 1522 350 1551; x_wconf 77' lang='lat' dir='ltr'>xi.</span> <span class='ocrx_word' id='word_1_57' title='bbox 374 1521 427 1551; x_wconf 84' lang='lat' dir='ltr'>De</span> <span class='ocrx_word' id='word_1_58' title='bbox 447 1520 624 1561; x_wconf 74' lang='lat' dir='ltr'>quantitate</span> <span class='ocrx_word' id='word_1_59' title='bbox 648 1521 744 1561; x_wconf 83' lang='lat' dir='ltr'>parti-</span> 
     </span>
     <span class='ocr_line' id='line_1_17' title="bbox 144 1563 744 1596; baseline 0.003 -2"><span class='ocrx_word' id='word_1_60' title='bbox 144 1565 222 1594; x_wconf 82' lang='lat' dir='ltr'>culae</span> <span class='ocrx_word' id='word_1_61' title='bbox 251 1564 297 1595; x_wconf 82' lang='grc' dir='ltr'>ἀεὶ</span> <span class='ocrx_word' id='word_1_62' title='bbox 327 1565 368 1595; x_wconf 83' lang='lat' dir='ltr'>xi.</span> <span class='ocrx_word' id='word_1_63' title='bbox 395 1567 488 1595; x_wconf 75' lang='grc'><strong>1164.</strong></span> <span class='ocrx_word' id='word_1_64' title='bbox 513 1563 560 1594; x_wconf 78' lang='grc' dir='ltr'>ἀεὶ</span> <span class='ocrx_word' id='word_1_65' title='bbox 590 1563 744 1596; x_wconf 82' lang='grc' dir='ltr'>ἑκάστοτε</span> 
     </span>
     <span class='ocr_line' id='line_1_18' title="bbox 144 1606 744 1648; baseline 0.002 -11"><span class='ocrx_word' id='word_1_66' title='bbox 144 1610 238 1639; x_wconf 86' lang='grc'><strong>1167.</strong></span> <span class='ocrx_word' id='word_1_67' title='bbox 263 1607 382 1638; x_wconf 80' lang='lat' dir='ltr'>Formae</span> <span class='ocrx_word' id='word_1_68' title='bbox 399 1607 491 1636; x_wconf 80' lang='lat' dir='ltr'>variae</span> <span class='ocrx_word' id='word_1_69' title='bbox 507 1606 603 1648; x_wconf 84' lang='lat' dir='ltr'>hujus</span> <span class='ocrx_word' id='word_1_70' title='bbox 615 1608 703 1639; x_wconf 88' lang='lat' dir='ltr'>vocis</span> <span class='ocrx_word' id='word_1_71' title='bbox 714 1608 744 1638; x_wconf 80' lang='lat' dir='ltr'>xi</span> 
     </span>
    </p>

    <p class='ocr_par' dir='ltr' id='par_1_13' title="bbox 99 1649 528 1691">
     <span class='ocr_line' id='line_1_19' title="bbox 99 1649 528 1691; baseline 0 -11"><span class='ocrx_word' id='word_1_72' title='bbox 99 1649 188 1689; x_wconf 82' lang='grc' dir='ltr'>ἀείρω</span> <span class='ocrx_word' id='word_1_73' title='bbox 204 1656 238 1681; x_wconf 84' lang='lat' dir='ltr'>et</span> <span class='ocrx_word' id='word_1_74' title='bbox 253 1651 326 1691; x_wconf 73' lang='grc' dir='ltr'>αἴρω</span> <span class='ocrx_word' id='word_1_75' title='bbox 341 1650 472 1681; x_wconf 82' lang='lat' dir='ltr'>confusa</span> <span class='ocrx_word' id='word_1_76' title='bbox 483 1653 528 1681; x_wconf 80' lang='lat'>69</span> 
     </span>
    </p>

    <p class='ocr_par' dir='ltr' id='par_1_14' title="bbox 97 1693 224 1724">
     <span class='ocr_line' id='line_1_20' title="bbox 97 1693 224 1724; baseline -0.008 0"><span class='ocrx_word' id='word_1_77' title='bbox 97 1693 187 1724; x_wconf 83' lang='grc' dir='ltr'>ἀετὸς</span> <span class='ocrx_word' id='word_1_78' title='bbox 202 1693 224 1723; x_wconf 80' lang='lat' dir='ltr'>ii</span> 
     </span>
    </p>

    <p class='ocr_par' dir='ltr' id='par_1_15' title="bbox 99 1736 524 1778">
     <span class='ocr_line' id='line_1_21' title="bbox 99 1736 524 1778; baseline -0.002 -10"><span class='ocrx_word' id='word_1_79' title='bbox 99 1736 204 1768; x_wconf 77' lang='grc' dir='ltr'>ἅθλιος</span> <span class='ocrx_word' id='word_1_80' title='bbox 220 1748 289 1768; x_wconf 82' lang='lat' dir='ltr'>cum</span> <span class='ocrx_word' id='word_1_81' title='bbox 305 1736 444 1778; x_wconf 70' lang='lat' dir='ltr'>genitivo</span> <span class='ocrx_word' id='word_1_82' title='bbox 461 1738 524 1767; x_wconf 84' lang='lat'>425</span> 
     </span>
    </p>

    <p class='ocr_par' dir='ltr' id='par_1_16' title="bbox 99 1779 740 1855">
     <span class='ocr_line' id='line_1_22' title="bbox 99 1779 740 1821; baseline -0.002 -10"><span class='ocrx_word' id='word_1_83' title='bbox 99 1779 199 1820; x_wconf 78' lang='grc' dir='ltr'>ἀθρεῖν</span> <span class='ocrx_word' id='word_1_84' title='bbox 214 1780 313 1811; x_wconf 83' lang='lat' dir='ltr'>xxxix.</span> <span class='ocrx_word' id='word_1_85' title='bbox 328 1780 456 1821; x_wconf 80' lang='grc' dir='ltr'>ἀθρῆσαι</span> <span class='ocrx_word' id='word_1_86' title='bbox 467 1785 499 1810; x_wconf 78' lang='lat' dir='ltr'>et</span> <span class='ocrx_word' id='word_1_87' title='bbox 514 1779 652 1821; x_wconf 78' lang='grc' dir='ltr'>ἀθροῖσαι</span> <span class='ocrx_word' id='word_1_88' title='bbox 666 1789 740 1811; x_wconf 91' lang='lat' dir='ltr'>con-</span> 
     </span>
     <span class='ocr_line' id='line_1_23' title="bbox 142 1823 285 1855; baseline 0.014 -2"><span class='ocrx_word' id='word_1_89' title='bbox 142 1823 213 1853; x_wconf 80' lang='lat' dir='ltr'>fusa</span> <span class='ocrx_word' id='word_1_90' title='bbox 223 1826 285 1855; x_wconf 87' lang='grc'>795</span> 
     </span>
    </p>

    <p class='ocr_par' dir='ltr' id='par_1_17' title="bbox 100 1865 653 1907">
     <span class='ocr_line' id='line_1_24' title="bbox 100 1865 653 1907; baseline 0 -11"><span class='ocrx_word' id='word_1_91' title='bbox 100 1866 239 1906; x_wconf 79' lang='grc' dir='ltr'>ἀθροῖσαι</span> <span class='ocrx_word' id='word_1_92' title='bbox 253 1872 286 1897; x_wconf 80' lang='lat' dir='ltr'>et</span> <span class='ocrx_word' id='word_1_93' title='bbox 299 1866 431 1907; x_wconf 80' lang='grc' dir='ltr'>ἀθρῆσαι</span> <span class='ocrx_word' id='word_1_94' title='bbox 447 1865 575 1897; x_wconf 82' lang='lat' dir='ltr'>confusa</span> <span class='ocrx_word' id='word_1_95' title='bbox 591 1868 653 1897; x_wconf 80' lang='lat'>795</span> 
     </span>
    </p>

    <p class='ocr_par' dir='ltr' id='par_1_18' title="bbox 98 1909 297 1947">
     <span class='ocr_line' id='line_1_25' title="bbox 98 1909 297 1947; baseline 0 -7"><span class='ocrx_word' id='word_1_96' title='bbox 98 1909 199 1947; x_wconf 81' lang='grc' dir='ltr'>Ἀΐδης</span> <span class='ocrx_word' id='word_1_97' title='bbox 214 1912 297 1940; x_wconf 91' lang='grc'><strong>1010</strong></span> 
     </span>
    </p>

    <p class='ocr_par' dir='ltr' id='par_1_19' title="bbox 97 1951 277 1984">
     <span class='ocr_line' id='line_1_26' title="bbox 97 1951 277 1984; baseline -0.006 -1"><span class='ocrx_word' id='word_1_98' title='bbox 97 1951 167 1984; x_wconf 67' lang='grc' dir='ltr'>αἰεί.</span> <span class='ocrx_word' id='word_1_99' title='bbox 184 1964 212 1982; x_wconf 88' lang='grc' dir='ltr'>ν.</span> <span class='ocrx_word' id='word_1_100' title='bbox 229 1951 277 1983; x_wconf 82' lang='grc' dir='ltr'>ἀεί</span> 
     </span>
    </p>

    <p class='ocr_par' dir='ltr' id='par_1_20' title="bbox 100 1994 524 2035">
     <span class='ocr_line' id='line_1_27' title="bbox 100 1994 524 2035; baseline -0.002 -9"><span class='ocrx_word' id='word_1_101' title='bbox 100 1997 171 2035; x_wconf 75' lang='grc' dir='ltr'>αἴρω</span> <span class='ocrx_word' id='word_1_102' title='bbox 187 2002 219 2025; x_wconf 85' lang='lat' dir='ltr'>et</span> <span class='ocrx_word' id='word_1_103' title='bbox 234 1994 322 2035; x_wconf 81' lang='grc' dir='ltr'>ἀείρω</span> <span class='ocrx_word' id='word_1_104' title='bbox 338 1994 468 2024; x_wconf 82' lang='lat' dir='ltr'>confusa</span> <span class='ocrx_word' id='word_1_105' title='bbox 482 1996 524 2025; x_wconf 81' lang='lat'>69</span> 
     </span>
    </p>

    <p class='ocr_par' dir='ltr' id='par_1_21' title="bbox 101 2037 579 2080">
     <span class='ocr_line' id='line_1_28' title="bbox 101 2037 579 2080; baseline -0.008 -10"><span class='ocrx_word' id='word_1_106' title='bbox 101 2038 308 2073; x_wconf 80' lang='grc' dir='ltr'>αἰσθάνεσθαι,</span> <span class='ocrx_word' id='word_1_107' title='bbox 323 2037 462 2080; x_wconf 75' lang='grc' dir='ltr'>ᾔσθημαι</span> <span class='ocrx_word' id='word_1_108' title='bbox 477 2037 579 2067; x_wconf 80' lang='lat' dir='ltr'><strong>xxxvii</strong></span> 
     </span>
    </p>

    <p class='ocr_par' dir='ltr' id='par_1_22' title="bbox 99 2081 343 2122">
     <span class='ocr_line' id='line_1_29' title="bbox 99 2081 343 2122; baseline 0 -10"><span class='ocrx_word' id='word_1_109' title='bbox 99 2081 211 2122; x_wconf 71' lang='grc' dir='ltr'>ἀΐσσω,</span> <span class='ocrx_word' id='word_1_110' title='bbox 231 2089 293 2112; x_wconf 80' lang='lat' dir='ltr'>etc.</span> <span class='ocrx_word' id='word_1_111' title='bbox 304 2084 343 2112; x_wconf 86' lang='lat'>31</span> 
     </span>
    </p>

    <p class='ocr_par' dir='ltr' id='par_1_23' title="bbox 100 2122 742 2209">
     <span class='ocr_line' id='line_1_30' title="bbox 100 2122 742 2164; baseline -0.003 -8"><span class='ocrx_word' id='word_1_112' title='bbox 100 2125 196 2164; x_wconf 82' lang='grc' dir='ltr'>αι’ωρῶ</span> <span class='ocrx_word' id='word_1_113' title='bbox 227 2131 259 2154; x_wconf 83' lang='lat' dir='ltr'>et</span> <span class='ocrx_word' id='word_1_114' title='bbox 294 2125 366 2164; x_wconf 77' lang='grc' dir='ltr'>αἴρω</span> <span class='ocrx_word' id='word_1_115' title='bbox 389 2123 519 2153; x_wconf 84' lang='lat' dir='ltr'>confusa</span> <span class='ocrx_word' id='word_1_116' title='bbox 544 2125 598 2154; x_wconf 83' lang='lat'>69.</span> <span class='ocrx_word' id='word_1_117' title='bbox 632 2122 742 2163; x_wconf 86' lang='lat' dir='ltr'>[Conf.</span> 
     </span>
     <span class='ocr_line' id='line_1_31' title="bbox 144 2167 741 2209; baseline 0.003 -13"><span class='ocrx_word' id='word_1_118' title='bbox 144 2173 210 2198; x_wconf 78' lang='lat' dir='ltr'>not.</span> <span class='ocrx_word' id='word_1_119' title='bbox 226 2167 267 2198; x_wconf 82' lang='lat' dir='ltr'>ad</span> <span class='ocrx_word' id='word_1_120' title='bbox 282 2167 437 2197; x_wconf 70' lang='lat' dir='ltr'>phoeniss.</span> <span class='ocrx_word' id='word_1_121' title='bbox 455 2169 548 2197; x_wconf 88' lang='grc'><strong>1585.</strong></span> <span class='ocrx_word' id='word_1_122' title='bbox 566 2167 609 2197; x_wconf 88' lang='lat' dir='ltr'>G.</span> <span class='ocrx_word' id='word_1_123' title='bbox 626 2167 674 2198; x_wconf 91' lang='lat' dir='ltr'>H.</span> <span class='ocrx_word' id='word_1_124' title='bbox 689 2167 741 2209; x_wconf 61' lang='lat'>32]</span> 
     </span>
    </p>

    <p class='ocr_par' dir='ltr' id='par_1_24' title="bbox 99 2211 245 2242">
     <span class='ocr_line' id='line_1_32' title="bbox 99 2211 245 2242; baseline -0.007 0"><span class='ocrx_word' id='word_1_125' title='bbox 99 2211 168 2242; x_wconf 73' lang='grc' dir='ltr'>ἅλις</span> <span class='ocrx_word' id='word_1_126' title='bbox 184 2214 245 2242; x_wconf 82' lang='grc'>394</span> 
     </span>
    </p>

    <p class='ocr_par' dir='ltr' id='par_1_25' title="bbox 100 2253 412 2289">
     <span class='ocr_line' id='line_1_33' title="bbox 100 2253 412 2289; baseline -0.01 -4"><span class='ocrx_word' id='word_1_127' title='bbox 100 2254 205 2289; x_wconf 77' lang='grc' dir='ltr'>ἄλλοι,</span> <span class='ocrx_word' id='word_1_128' title='bbox 222 2254 250 2284; x_wconf 78' lang='grc' dir='ltr'>οἱ</span> <span class='ocrx_word' id='word_1_129' title='bbox 265 2253 360 2284; x_wconf 75' lang='grc' dir='ltr'>ἄλλοι</span> <span class='ocrx_word' id='word_1_130' title='bbox 375 2264 412 2282; x_wconf 82' lang='lat' dir='ltr'>xx</span> 
     </span>
    </p>

    <p class='ocr_par' dir='ltr' id='par_1_26' title="bbox 99 2294 742 2550">
     <span class='ocr_line' id='line_1_34' title="bbox 99 2294 742 2335; baseline -0.003 -8"><span class='ocrx_word' id='word_1_131' title='bbox 99 2297 219 2328; x_wconf 79' lang='grc' dir='ltr'>ἄλλοτε</span> <span class='ocrx_word' id='word_1_132' title='bbox 255 2295 506 2326; x_wconf 80' lang='lat' dir='ltr'>subaudiendum</span> <span class='ocrx_word' id='word_1_133' title='bbox 544 2297 598 2325; x_wconf 84' lang='lat'>28.</span> <span class='ocrx_word' id='word_1_134' title='bbox 632 2294 742 2335; x_wconf 87' lang='lat' dir='ltr'>[Conf.</span> 
     </span>
     <span class='ocr_line' id='line_1_35' title="bbox 143 2337 741 2379; baseline 0 -10"><span class='ocrx_word' id='word_1_135' title='bbox 143 2345 208 2369; x_wconf 80' lang='lat' dir='ltr'>not.</span> <span class='ocrx_word' id='word_1_136' title='bbox 237 2339 277 2369; x_wconf 80' lang='lat' dir='ltr'>ad</span> <span class='ocrx_word' id='word_1_137' title='bbox 307 2339 412 2369; x_wconf 80' lang='lat' dir='ltr'>Orest.</span> <span class='ocrx_word' id='word_1_138' title='bbox 441 2340 515 2369; x_wconf 82' lang='lat'>891.</span> <span class='ocrx_word' id='word_1_139' title='bbox 552 2337 741 2379; x_wconf 83' lang='lat' dir='ltr'>Hujusmodi</span> 
     </span>
     <span class='ocr_line' id='line_1_36' title="bbox 143 2381 739 2423; baseline 0 -11"><span class='ocrx_word' id='word_1_140' title='bbox 143 2382 268 2423; x_wconf 80' lang='lat' dir='ltr'>ellipses</span> <span class='ocrx_word' id='word_1_141' title='bbox 282 2382 368 2412; x_wconf 75' lang='lat' dir='ltr'>dicas</span> <span class='ocrx_word' id='word_1_142' title='bbox 383 2381 575 2415; x_wconf 61' lang='lat' dir='ltr'>dialecticas,</span> <span class='ocrx_word' id='word_1_143' title='bbox 591 2391 693 2421; x_wconf 83' lang='lat' dir='ltr'>neque</span> <span class='ocrx_word' id='word_1_144' title='bbox 706 2382 739 2412; x_wconf 88' lang='lat' dir='ltr'>in</span> 
     </span>
     <span class='ocr_line' id='line_1_37' title="bbox 142 2423 740 2464; baseline 0.002 -10"><span class='ocrx_word' id='word_1_145' title='bbox 142 2426 195 2455; x_wconf 66' lang='lat' dir='ltr'>tali</span> <span class='ocrx_word' id='word_1_146' title='bbox 226 2424 386 2454; x_wconf 79' lang='lat' dir='ltr'>verborum</span> <span class='ocrx_word' id='word_1_147' title='bbox 412 2424 490 2453; x_wconf 79' lang='lat' dir='ltr'>serie</span> <span class='ocrx_word' id='word_1_148' title='bbox 515 2423 554 2452; x_wconf 82' lang='lat' dir='ltr'>de</span> <span class='ocrx_word' id='word_1_149' title='bbox 576 2424 740 2464; x_wconf 83' lang='lat' dir='ltr'>ellipsibus</span> 
     </span>
     <span class='ocr_line' id='line_1_38' title="bbox 143 2466 740 2507; baseline 0.003 -11"><span class='ocrx_word' id='word_1_150' title='bbox 143 2467 206 2497; x_wconf 75' lang='lat' dir='ltr'>veri</span> <span class='ocrx_word' id='word_1_151' title='bbox 222 2468 358 2497; x_wconf 80' lang='lat' dir='ltr'>nominis</span> <span class='ocrx_word' id='word_1_152' title='bbox 370 2466 584 2507; x_wconf 77' lang='lat' dir='ltr'>cogitandum.</span> <span class='ocrx_word' id='word_1_153' title='bbox 613 2466 740 2498; x_wconf 79' lang='lat' dir='ltr'>Nullius</span> 
     </span>
     <span class='ocr_line' id='line_1_39' title="bbox 140 2509 738 2550; baseline 0.005 -12"><span class='ocrx_word' id='word_1_154' title='bbox 140 2511 224 2540; x_wconf 75' lang='lat' dir='ltr'>euim</span> <span class='ocrx_word' id='word_1_155' title='bbox 250 2511 365 2550; x_wconf 77' lang='lat' dir='ltr'>linguae</span> <span class='ocrx_word' id='word_1_156' title='bbox 391 2510 587 2547; x_wconf 77' lang='lat' dir='ltr'>consuetudq</span> <span class='ocrx_word' id='word_1_157' title='bbox 610 2509 651 2539; x_wconf 85' lang='lat' dir='ltr'>ad</span> <span class='ocrx_word' id='word_1_158' title='bbox 669 2521 738 2541; x_wconf 85' lang='lat' dir='ltr'>rec-</span> 
     </span>
    </p>

    <p class='ocr_par' dir='ltr' id='par_1_27' title="bbox 95 2552 742 2635">
     <span class='ocr_line' id='line_1_40' title="bbox 95 2552 739 2584; baseline 0.006 -4"><span class='ocrx_word' id='word_1_159' title='bbox 95 2577 98 2580; x_wconf 34' lang='lat'>.</span> <span class='ocrx_word' id='word_1_160' title='bbox 142 2558 204 2582; x_wconf 73' lang='lat' dir='ltr'>tam</span> <span class='ocrx_word' id='word_1_161' title='bbox 220 2564 243 2582; x_wconf 88' lang='lat' dir='ltr'>s.</span> <span class='ocrx_word' id='word_1_162' title='bbox 256 2552 450 2583; x_wconf 78' lang='lat' dir='ltr'>dialecticam</span> <span class='ocrx_word' id='word_1_163' title='bbox 474 2562 610 2581; x_wconf 80' lang='lat' dir='ltr'>normam</span> <span class='ocrx_word' id='word_1_164' title='bbox 626 2554 670 2584; x_wconf 81' lang='lat' dir='ltr'>sic</span> <span class='ocrx_word' id='word_1_165' title='bbox 686 2563 739 2583; x_wconf 84' lang='lat' dir='ltr'>ex-</span> 
     </span>
     <span class='ocr_line' id='line_1_41' title="bbox 140 2594 742 2635; baseline 0 -8"><span class='ocrx_word' id='word_1_166' title='bbox 140 2602 211 2627; x_wconf 72' lang='lat' dir='ltr'>acta</span> <span class='ocrx_word' id='word_1_167' title='bbox 222 2602 279 2631; x_wconf 77' lang='lat' dir='ltr'>est,</span> <span class='ocrx_word' id='word_1_168' title='bbox 289 2602 396 2628; x_wconf 78' lang='lat' dir='ltr'>utnon</span> <span class='ocrx_word' id='word_1_169' title='bbox 411 2594 581 2635; x_wconf 70' lang='lat' dir='ltr'>saepissime</span> <span class='ocrx_word' id='word_1_170' title='bbox 597 2595 742 2627; x_wconf 79' lang='lat' dir='ltr'>dicantur</span> 
     </span>
    </p>
   </div>
   <div class='ocr_carea' id='block_1_4' title="bbox 804 460 1102 517">
    <p class='ocr_par' dir='ltr' id='par_1_28' title="bbox 804 460 1102 517">
     <span class='ocr_line' id='line_1_42' title="bbox 804 460 1102 517; baseline 0.017 -6"><span class='ocrx_word' id='word_1_171' title='bbox 804 460 1102 517; x_wconf 79' lang='lat' dir='ltr'>RAECUS.</span> 
     </span>
    </p>
   </div>
   <div class='ocr_carea' id='block_1_5' title="bbox 825 829 1444 1092">
    <p class='ocr_par' dir='ltr' id='par_1_29' title="bbox 825 829 1444 1092">
     <span class='ocr_line' id='line_1_43' title="bbox 842 829 1438 876; baseline 0.015 -19"><span class='ocrx_word' id='word_1_172' title='bbox 842 829 873 858; x_wconf 75' lang='lat' dir='ltr'>in</span> <span class='ocrx_word' id='word_1_173' title='bbox 899 830 1090 866; x_wconf 80' lang='lat' dir='ltr'>universum,</span> <span class='ocrx_word' id='word_1_174' title='bbox 1108 842 1178 873; x_wconf 85' lang='lat' dir='ltr'>quae</span> <span class='ocrx_word' id='word_1_175' title='bbox 1195 833 1438 876; x_wconf 82' lang='lat' dir='ltr'>haudquaquam</span> 
     </span>
     <span class='ocr_line' id='line_1_44' title="bbox 825 873 1436 916; baseline 0.013 -15"><span class='ocrx_word' id='word_1_176' title='bbox 825 873 994 909; x_wconf 52' lang='lat' dir='ltr'>universe,</span> <span class='ocrx_word' id='word_1_177' title='bbox 1033 874 1089 905; x_wconf 80' lang='lat' dir='ltr'>sed</span> <span class='ocrx_word' id='word_1_178' title='bbox 1114 876 1291 916; x_wconf 83' lang='lat' dir='ltr'>specialiter</span> <span class='ocrx_word' id='word_1_179' title='bbox 1320 879 1436 909; x_wconf 80' lang='lat' dir='ltr'>intelli-</span> 
     </span>
     <span class='ocr_line' id='line_1_45' title="bbox 838 916 1439 955; baseline 0.015 -11"><span class='ocrx_word' id='word_1_180' title='bbox 838 916 942 955; x_wconf 81' lang='lat' dir='ltr'>genda</span> <span class='ocrx_word' id='word_1_181' title='bbox 970 927 1037 947; x_wconf 82' lang='lat' dir='ltr'><strong>esse</strong></span> <span class='ocrx_word' id='word_1_182' title='bbox 1065 918 1160 950; x_wconf 85' lang='lat' dir='ltr'>docet</span> <span class='ocrx_word' id='word_1_183' title='bbox 1182 925 1272 951; x_wconf 79' lang='lat' dir='ltr'>tenor</span> <span class='ocrx_word' id='word_1_184' title='bbox 1289 923 1439 952; x_wconf 81' lang='lat' dir='ltr'>continuo</span> 
     </span>
     <span class='ocr_line' id='line_1_46' title="bbox 835 959 1444 1002; baseline 0.013 -16"><span class='ocrx_word' id='word_1_185' title='bbox 835 959 1047 997; x_wconf 82' lang='lat' dir='ltr'>sequentium.</span> <span class='ocrx_word' id='word_1_186' title='bbox 1092 961 1298 1002; x_wconf 82' lang='lat' dir='ltr'>Negligentia</span> <span class='ocrx_word' id='word_1_187' title='bbox 1312 964 1379 994; x_wconf 90' lang='lat' dir='ltr'>haec</span> <span class='ocrx_word' id='word_1_188' title='bbox 1396 969 1444 994; x_wconf 79' lang='lat' dir='ltr'>est</span> 
     </span>
     <span class='ocr_line' id='line_1_47' title="bbox 836 1001 1440 1042; baseline 0.012 -12"><span class='ocrx_word' id='word_1_189' title='bbox 836 1001 996 1037; x_wconf 79' lang='lat' dir='ltr'>orationis,</span> <span class='ocrx_word' id='word_1_190' title='bbox 1012 1013 1076 1033; x_wconf 91' lang='lat' dir='ltr'>non</span> <span class='ocrx_word' id='word_1_191' title='bbox 1092 1004 1262 1042; x_wconf 81' lang='lat' dir='ltr'>laudanda,</span> <span class='ocrx_word' id='word_1_192' title='bbox 1281 1007 1336 1036; x_wconf 77' lang='lat' dir='ltr'>sod</span> <span class='ocrx_word' id='word_1_193' title='bbox 1360 1007 1440 1037; x_wconf 74' lang='lat' dir='ltr'>tole-</span> 
     </span>
     <span class='ocr_line' id='line_1_48' title="bbox 836 1043 1441 1092; baseline 0.013 -19"><span class='ocrx_word' id='word_1_194' title='bbox 836 1043 933 1074; x_wconf 85' lang='lat' dir='ltr'>randa</span> <span class='ocrx_word' id='word_1_195' title='bbox 945 1056 951 1074; x_wconf 94' lang='lat'><strong>:</strong></span> <span class='ocrx_word' id='word_1_196' title='bbox 978 1055 1048 1076; x_wconf 79' lang='lat' dir='ltr'>nam</span> <span class='ocrx_word' id='word_1_197' title='bbox 1061 1057 1137 1078; x_wconf 87' lang='lat' dir='ltr'>usus</span> <span class='ocrx_word' id='word_1_198' title='bbox 1148 1048 1265 1090; x_wconf 83' lang='lat' dir='ltr'>ubique</span> <span class='ocrx_word' id='word_1_199' title='bbox 1280 1055 1441 1092; x_wconf 75' lang='lat' dir='ltr'>tyrannuS.</span> 
     </span>
    </p>
   </div>
   <div class='ocr_carea' id='block_1_6' title="bbox 782 1087 1436 2549">
    <p class='ocr_par' dir='ltr' id='par_1_30' title="bbox 841 1087 1016 1131">
     <span class='ocr_line' id='line_1_49' title="bbox 841 1087 1016 1131; baseline 0.011 -13"><span class='ocrx_word' id='word_1_200' title='bbox 841 1087 884 1118; x_wconf 85' lang='lat' dir='ltr'>G.</span> <span class='ocrx_word' id='word_1_201' title='bbox 901 1087 949 1118; x_wconf 88' lang='lat' dir='ltr'>H.</span> <span class='ocrx_word' id='word_1_202' title='bbox 963 1088 1016 1131; x_wconf 82' lang='lat' dir='ltr'>S.]</span> 
     </span>
    </p>

    <p class='ocr_par' dir='ltr' id='par_1_31' title="bbox 793 1129 1096 1170">
     <span class='ocr_line' id='line_1_50' title="bbox 793 1129 1096 1170; baseline 0.017 -10"><span class='ocrx_word' id='word_1_203' title='bbox 793 1129 901 1161; x_wconf 78' lang='grc' dir='ltr'>ἄλλως</span> <span class='ocrx_word' id='word_1_204' title='bbox 915 1129 1020 1170; x_wconf 81' lang='grc' dir='ltr'>μάτην</span> <span class='ocrx_word' id='word_1_205' title='bbox 1034 1135 1096 1165; x_wconf 59' lang='grc'><strong>’187</strong></span> 
     </span>
    </p>

    <p class='ocr_par' dir='ltr' id='par_1_32' title="bbox 792 1172 1242 1214">
     <span class='ocr_line' id='line_1_51' title="bbox 792 1172 1242 1214; baseline 0.016 -11"><span class='ocrx_word' id='word_1_206' title='bbox 792 1172 943 1211; x_wconf 83' lang='grc' dir='ltr'>ἀμείβειν,</span> <span class='ocrx_word' id='word_1_207' title='bbox 959 1174 1144 1214; x_wconf 79' lang='grc' dir='ltr'>ἀμείβεσθαι</span> <span class='ocrx_word' id='word_1_208' title='bbox 1160 1180 1242 1210; x_wconf 91' lang='grc'><strong>1141</strong></span> 
     </span>
    </p>

    <p class='ocr_par' dir='ltr' id='par_1_33' title="bbox 792 1216 1414 1263">
     <span class='ocr_line' id='line_1_52' title="bbox 792 1216 1414 1263; baseline 0.014 -16"><span class='ocrx_word' id='word_1_209' title='bbox 792 1216 941 1259; x_wconf 75' lang='grc' dir='ltr'>ἅμμοιρος</span> <span class='ocrx_word' id='word_1_210' title='bbox 956 1220 1082 1251; x_wconf 87' lang='lat' dir='ltr'>verbum</span> <span class='ocrx_word' id='word_1_211' title='bbox 1094 1227 1249 1263; x_wconf 81' lang='lat' dir='ltr'>suspeetae</span> <span class='ocrx_word' id='word_1_212' title='bbox 1264 1222 1338 1255; x_wconf 83' lang='lat' dir='ltr'>fidei</span> <span class='ocrx_word' id='word_1_213' title='bbox 1352 1225 1414 1255; x_wconf 86' lang='grc'>421</span> 
     </span>
    </p>

    <p class='ocr_par' dir='ltr' id='par_1_34' title="bbox 792 1259 1077 1302">
     <span class='ocr_line' id='line_1_53' title="bbox 792 1259 1077 1302; baseline 0.018 -12"><span class='ocrx_word' id='word_1_214' title='bbox 792 1259 928 1302; x_wconf 76' lang='grc' dir='ltr'>ἄμμορος</span> <span class='ocrx_word' id='word_1_215' title='bbox 943 1262 999 1294; x_wconf 80' lang='lat' dir='ltr'>vii.</span> <span class='ocrx_word' id='word_1_216' title='bbox 1015 1265 1077 1296; x_wconf 87' lang='grc'>421</span> 
     </span>
    </p>

    <p class='ocr_par' dir='ltr' id='par_1_35' title="bbox 791 1303 993 1344">
     <span class='ocr_line' id='line_1_54' title="bbox 791 1303 993 1344; baseline 0.02 -10"><span class='ocrx_word' id='word_1_217' title='bbox 791 1303 917 1344; x_wconf 77' lang='grc' dir='ltr'>ἄμοιρος</span> <span class='ocrx_word' id='word_1_218' title='bbox 930 1308 993 1338; x_wconf 88' lang='grc'>421</span> 
     </span>
    </p>

    <p class='ocr_par' dir='ltr' id='par_1_36' title="bbox 792 1346 963 1388">
     <span class='ocr_line' id='line_1_55' title="bbox 792 1346 963 1388; baseline 0.006 -10"><span class='ocrx_word' id='word_1_219' title='bbox 792 1346 906 1388; x_wconf 75' lang='grc' dir='ltr'>ἅμορος</span> <span class='ocrx_word' id='word_1_220' title='bbox 920 1349 963 1379; x_wconf 88' lang='lat' dir='ltr'>vii</span> 
     </span>
    </p>

    <p class='ocr_par' dir='ltr' id='par_1_37' title="bbox 792 1390 1232 1431">
     <span class='ocr_line' id='line_1_56' title="bbox 792 1390 1232 1431; baseline 0.016 -10"><span class='ocrx_word' id='word_1_221' title='bbox 792 1390 1014 1431; x_wconf 83' lang='grc' dir='ltr'>ἇμφίπληκτος</span> <span class='ocrx_word' id='word_1_222' title='bbox 1028 1393 1131 1426; x_wconf 84' lang='lat' dir='ltr'><strong>active</strong></span> <span class='ocrx_word' id='word_1_223' title='bbox 1148 1398 1232 1428; x_wconf 84' lang='grc'><strong>1117</strong></span> 
     </span>
    </p>

    <p class='ocr_par' dir='ltr' id='par_1_38' title="bbox 792 1433 1436 1511">
     <span class='ocr_line' id='line_1_57' title="bbox 792 1433 1436 1476; baseline 0.012 -13"><span class='ocrx_word' id='word_1_224' title='bbox 792 1433 830 1464; x_wconf 77' lang='grc' dir='ltr'>ἂν</span> <span class='ocrx_word' id='word_1_225' title='bbox 843 1436 1014 1476; x_wconf 78' lang='lat' dir='ltr'>repetitum</span> <span class='ocrx_word' id='word_1_226' title='bbox 1040 1440 1115 1469; x_wconf 84' lang='lat'>730.</span> <span class='ocrx_word' id='word_1_227' title='bbox 1144 1449 1162 1469; x_wconf 81' lang='lat' dir='ltr'>a</span> <span class='ocrx_word' id='word_1_228' title='bbox 1185 1439 1316 1471; x_wconf 82' lang='lat' dir='ltr'>librariis</span> <span class='ocrx_word' id='word_1_229' title='bbox 1343 1440 1436 1471; x_wconf 78' lang='lat' dir='ltr'>omis-</span> 
     </span>
     <span class='ocr_line' id='line_1_58' title="bbox 834 1482 1002 1511; baseline 0.024 -4"><span class='ocrx_word' id='word_1_230' title='bbox 834 1487 904 1508; x_wconf 87' lang='lat' dir='ltr'>sum</span> <span class='ocrx_word' id='word_1_231' title='bbox 920 1482 1002 1511; x_wconf 88' lang='grc'><strong>1095</strong></span> 
     </span>
    </p>

    <p class='ocr_par' dir='ltr' id='par_1_39' title="bbox 791 1518 960 1553">
     <span class='ocr_line' id='line_1_59' title="bbox 791 1518 960 1553; baseline 0.018 -3"><span class='ocrx_word' id='word_1_232' title='bbox 791 1518 882 1552; x_wconf 78' lang='grc' dir='ltr'>ἄναες</span> <span class='ocrx_word' id='word_1_233' title='bbox 897 1524 960 1553; x_wconf 92' lang='grc'>610</span> 
     </span>
    </p>

    <p class='ocr_par' dir='ltr' id='par_1_40' title="bbox 790 1562 1246 1605">
     <span class='ocr_line' id='line_1_60' title="bbox 790 1562 1246 1605; baseline 0.013 -12"><span class='ocrx_word' id='word_1_234' title='bbox 790 1562 1026 1605; x_wconf 84' lang='grc' dir='ltr'>ἆναμετρεῒσθαι</span> <span class='ocrx_word' id='word_1_235' title='bbox 1041 1566 1169 1598; x_wconf 87' lang='grc' dir='ltr'>κανόσιν</span> <span class='ocrx_word' id='word_1_236' title='bbox 1182 1571 1246 1599; x_wconf 87' lang='grc'>600</span> 
     </span>
    </p>

    <p class='ocr_par' dir='ltr' id='par_1_41' title="bbox 790 1605 1435 1683">
     <span class='ocr_line' id='line_1_61' title="bbox 790 1605 1435 1651; baseline 0.014 -15"><span class='ocrx_word' id='word_1_237' title='bbox 790 1605 1019 1647; x_wconf 80' lang='grc' dir='ltr'>ἂναπειθώμεθα</span> <span class='ocrx_word' id='word_1_238' title='bbox 1045 1616 1079 1641; x_wconf 85' lang='lat' dir='ltr'>et</span> <span class='ocrx_word' id='word_1_239' title='bbox 1105 1611 1338 1651; x_wconf 79' lang='grc' dir='ltr'>ἀναπεισθῶμεν</span> <span class='ocrx_word' id='word_1_240' title='bbox 1359 1622 1435 1645; x_wconf 88' lang='lat' dir='ltr'>con-</span> 
     </span>
     <span class='ocr_line' id='line_1_62' title="bbox 831 1650 1006 1683; baseline 0.023 -4"><span class='ocrx_word' id='word_1_241' title='bbox 831 1650 900 1681; x_wconf 82' lang='lat' dir='ltr'>fusa</span> <span class='ocrx_word' id='word_1_242' title='bbox 915 1653 1006 1683; x_wconf 84' lang='lat' dir='ltr'>xxxiv</span> 
     </span>
    </p>

    <p class='ocr_par' dir='ltr' id='par_1_42' title="bbox 788 1692 1434 1768">
     <span class='ocr_line' id='line_1_63' title="bbox 788 1692 1434 1740; baseline 0.011 -16"><span class='ocrx_word' id='word_1_243' title='bbox 788 1692 916 1733; x_wconf 85' lang='grc' dir='ltr'>ἀνέχειν</span> <span class='ocrx_word' id='word_1_244' title='bbox 933 1698 1005 1726; x_wconf 86' lang='grc'><strong>120.</strong></span> <span class='ocrx_word' id='word_1_245' title='bbox 1026 1696 1257 1738; x_wconf 75' lang='lat' dir='ltr'>Argumentum</span> <span class='ocrx_word' id='word_1_246' title='bbox 1273 1698 1389 1740; x_wconf 84' lang='lat' dir='ltr'>duplex</span> <span class='ocrx_word' id='word_1_247' title='bbox 1401 1699 1434 1731; x_wconf 83' lang='lat' dir='ltr'>in</span> 
     </span>
     <span class='ocr_line' id='line_1_64' title="bbox 828 1737 959 1768; baseline 0.008 -1"><span class='ocrx_word' id='word_1_248' title='bbox 828 1737 860 1767; x_wconf 70' lang='lat' dir='ltr'>h,</span> <span class='ocrx_word' id='word_1_249' title='bbox 871 1748 902 1767; x_wconf 88' lang='lat' dir='ltr'>v.</span> <span class='ocrx_word' id='word_1_250' title='bbox 916 1737 959 1768; x_wconf 82' lang='lat' dir='ltr'>xii</span> 
     </span>
    </p>

    <p class='ocr_par' dir='ltr' id='par_1_43' title="bbox 787 1779 1436 1899">
     <span class='ocr_line' id='line_1_65' title="bbox 787 1779 1436 1823; baseline 0.008 -13"><span class='ocrx_word' id='word_1_251' title='bbox 787 1779 873 1820; x_wconf 72' lang='grc' dir='ltr'>ἀνὴρ.</span> <span class='ocrx_word' id='word_1_252' title='bbox 897 1779 1003 1821; x_wconf 80' lang='grc' dir='ltr'>ἄνδρες</span> <span class='ocrx_word' id='word_1_253' title='bbox 1024 1788 1056 1812; x_wconf 90' lang='lat' dir='ltr'>et</span> <span class='ocrx_word' id='word_1_254' title='bbox 1081 1782 1230 1823; x_wconf 79' lang='grc' dir='ltr'>ἅνθρωποι</span> <span class='ocrx_word' id='word_1_255' title='bbox 1248 1783 1380 1815; x_wconf 83' lang='lat' dir='ltr'>confusa</span> <span class='ocrx_word' id='word_1_256' title='bbox 1393 1786 1436 1815; x_wconf 84' lang='lat' dir='ltr'>xl.</span> 
     </span>
     <span class='ocr_line' id='line_1_66' title="bbox 831 1823 1434 1869; baseline 0.008 -16"><span class='ocrx_word' id='word_1_257' title='bbox 831 1823 908 1863; x_wconf 67' lang='grc' dir='ltr'>ἀνὴρ</span> <span class='ocrx_word' id='word_1_258' title='bbox 929 1830 962 1854; x_wconf 81' lang='lat' dir='ltr'>et</span> <span class='ocrx_word' id='word_1_259' title='bbox 990 1824 1099 1862; x_wconf 80' lang='grc' dir='ltr'>θνητὸς</span> <span class='ocrx_word' id='word_1_260' title='bbox 1122 1828 1251 1857; x_wconf 84' lang='lat' dir='ltr'>confusa</span> <span class='ocrx_word' id='word_1_261' title='bbox 1265 1830 1341 1859; x_wconf 84' lang='lat'>852.</span> <span class='ocrx_word' id='word_1_262' title='bbox 1357 1827 1434 1869; x_wconf 80' lang='grc' dir='ltr'>ἀνὴρ</span> 
     </span>
     <span class='ocr_line' id='line_1_67' title="bbox 832 1867 1202 1899; baseline 0.011 -4"><span class='ocrx_word' id='word_1_263' title='bbox 832 1876 851 1896; x_wconf 80' lang='lat' dir='ltr'>a</span> <span class='ocrx_word' id='word_1_264' title='bbox 865 1867 996 1897; x_wconf 81' lang='lat' dir='ltr'>librariis</span> <span class='ocrx_word' id='word_1_265' title='bbox 1010 1869 1158 1899; x_wconf 80' lang='lat' dir='ltr'>omissum</span> <span class='ocrx_word' id='word_1_266' title='bbox 1174 1870 1202 1899; x_wconf 84' lang='lat' dir='ltr'>xl</span> 
     </span>
    </p>

    <p class='ocr_par' dir='ltr' id='par_1_44' title="bbox 789 1907 1433 1993">
     <span class='ocr_line' id='line_1_68' title="bbox 789 1907 1433 1953; baseline 0.011 -15"><span class='ocrx_word' id='word_1_267' title='bbox 789 1907 942 1949; x_wconf 79' lang='grc' dir='ltr'>ἅνθρωποι</span> <span class='ocrx_word' id='word_1_268' title='bbox 957 1916 989 1941; x_wconf 82' lang='lat' dir='ltr'>et</span> <span class='ocrx_word' id='word_1_269' title='bbox 1003 1911 1109 1952; x_wconf 66' lang='grc' dir='ltr'>ἄνδρες</span> <span class='ocrx_word' id='word_1_270' title='bbox 1123 1912 1251 1943; x_wconf 85' lang='lat' dir='ltr'>confusa</span> <span class='ocrx_word' id='word_1_271' title='bbox 1265 1913 1306 1942; x_wconf 80' lang='lat' dir='ltr'>xl.</span> <span class='ocrx_word' id='word_1_272' title='bbox 1321 1912 1433 1953; x_wconf 80' lang='grc' dir='ltr'>ἅνθρω-</span> 
     </span>
     <span class='ocr_line' id='line_1_69' title="bbox 832 1953 1336 1993; baseline 0.01 -11"><span class='ocrx_word' id='word_1_273' title='bbox 832 1964 883 1983; x_wconf 88' lang='grc' dir='ltr'>ποι</span> <span class='ocrx_word' id='word_1_274' title='bbox 906 1959 938 1983; x_wconf 88' lang='lat' dir='ltr'>et</span> <span class='ocrx_word' id='word_1_275' title='bbox 967 1953 1094 1993; x_wconf 77' lang='grc' dir='ltr'>ἄρσενες</span> <span class='ocrx_word' id='word_1_276' title='bbox 1117 1956 1246 1986; x_wconf 80' lang='lat' dir='ltr'>confusa</span> <span class='ocrx_word' id='word_1_277' title='bbox 1271 1959 1336 1987; x_wconf 83' lang='lat'>568</span> 
     </span>
    </p>

    <p class='ocr_par' dir='ltr' id='par_1_45' title="bbox 791 1994 1434 2071">
     <span class='ocr_line' id='line_1_70' title="bbox 791 1994 1434 2040; baseline 0.008 -15"><span class='ocrx_word' id='word_1_278' title='bbox 791 1994 1053 2035; x_wconf 80' lang='grc' dir='ltr'>ἀνθρωποκτονεῖν</span> <span class='ocrx_word' id='word_1_279' title='bbox 1097 2003 1131 2029; x_wconf 78' lang='lat' dir='ltr'>et</span> <span class='ocrx_word' id='word_1_280' title='bbox 1178 1998 1434 2040; x_wconf 80' lang='grc' dir='ltr'>ἀνθρωποφαγεῒν</span> 
     </span>
     <span class='ocr_line' id='line_1_71' title="bbox 833 2039 1037 2071; baseline 0.02 -3"><span class='ocrx_word' id='word_1_281' title='bbox 833 2039 962 2069; x_wconf 81' lang='lat' dir='ltr'>confusa</span> <span class='ocrx_word' id='word_1_282' title='bbox 974 2043 1037 2071; x_wconf 88' lang='grc'>260</span> 
     </span>
    </p>

    <p class='ocr_par' dir='ltr' id='par_1_46' title="bbox 789 2080 1301 2124">
     <span class='ocr_line' id='line_1_72' title="bbox 789 2080 1301 2124; baseline 0.014 -14"><span class='ocrx_word' id='word_1_283' title='bbox 789 2080 892 2113; x_wconf 79' lang='grc' dir='ltr'>ἀνύειν</span> <span class='ocrx_word' id='word_1_284' title='bbox 909 2085 1003 2114; x_wconf 86' lang='grc'><strong>1149.</strong></span> <span class='ocrx_word' id='word_1_285' title='bbox 1015 2083 1037 2114; x_wconf 88' lang='lat' dir='ltr'>i.</span> <span class='ocrx_word' id='word_1_286' title='bbox 1050 2094 1080 2124; x_wconf 93' lang='lat' dir='ltr'>q.</span> <span class='ocrx_word' id='word_1_287' title='bbox 1095 2081 1224 2123; x_wconf 78' lang='grc' dir='ltr'>φθάνειν</span> <span class='ocrx_word' id='word_1_288' title='bbox 1237 2088 1301 2117; x_wconf 82' lang='grc'><strong>923</strong></span> 
     </span>
    </p>

    <p class='ocr_par' dir='ltr' id='par_1_47' title="bbox 788 2123 1162 2161">
     <span class='ocr_line' id='line_1_73' title="bbox 788 2123 1162 2161; baseline 0.011 -7"><span class='ocrx_word' id='word_1_289' title='bbox 788 2123 922 2161; x_wconf 84' lang='grc' dir='ltr'>ἀνύτειν,</span> <span class='ocrx_word' id='word_1_290' title='bbox 940 2124 1063 2158; x_wconf 80' lang='grc' dir='ltr'>ἀνύτειν</span> <span class='ocrx_word' id='word_1_291' title='bbox 1078 2129 1162 2158; x_wconf 87' lang='grc'><strong>1149</strong></span> 
     </span>
    </p>

    <p class='ocr_par' dir='ltr' id='par_1_48' title="bbox 788 2167 1108 2208">
     <span class='ocr_line' id='line_1_74' title="bbox 788 2167 1108 2208; baseline 0.006 -11"><span class='ocrx_word' id='word_1_292' title='bbox 788 2167 904 2207; x_wconf 78' lang='grc' dir='ltr'>ἄνωγα,</span> <span class='ocrx_word' id='word_1_293' title='bbox 920 2169 1052 2208; x_wconf 76' lang='grc' dir='ltr'>ἠνώγειν</span> <span class='ocrx_word' id='word_1_294' title='bbox 1066 2169 1108 2199; x_wconf 84' lang='lat' dir='ltr'>xii</span> 
     </span>
    </p>

    <p class='ocr_par' dir='ltr' id='par_1_49' title="bbox 788 2210 1119 2249">
     <span class='ocr_line' id='line_1_75' title="bbox 788 2210 1119 2249; baseline 0.012 -9"><span class='ocrx_word' id='word_1_295' title='bbox 788 2210 870 2249; x_wconf 82' lang='grc' dir='ltr'>ἄξιός</span> <span class='ocrx_word' id='word_1_296' title='bbox 883 2211 944 2242; x_wconf 80' lang='grc' dir='ltr'>τινί</span> <span class='ocrx_word' id='word_1_297' title='bbox 955 2224 1039 2244; x_wconf 77' lang='grc' dir='ltr'>τινος</span> <span class='ocrx_word' id='word_1_298' title='bbox 1056 2216 1119 2244; x_wconf 83' lang='lat'>309</span> 
     </span>
    </p>

    <p class='ocr_par' dir='ltr' id='par_1_50' title="bbox 788 2253 1180 2296">
     <span class='ocr_line' id='line_1_76' title="bbox 788 2253 1180 2296; baseline 0.008 -12"><span class='ocrx_word' id='word_1_299' title='bbox 788 2253 890 2292; x_wconf 83' lang='grc' dir='ltr'>ἀξιοῦν</span> <span class='ocrx_word' id='word_1_300' title='bbox 918 2255 1101 2296; x_wconf 76' lang='lat' dir='ltr'>(honorare)</span> <span class='ocrx_word' id='word_1_301' title='bbox 1117 2258 1180 2287; x_wconf 87' lang='grc'>319</span> 
     </span>
    </p>

    <p class='ocr_par' dir='ltr' id='par_1_51' title="bbox 787 2295 1433 2340">
     <span class='ocr_line' id='line_1_77' title="bbox 787 2295 1433 2340; baseline 0.011 -14"><span class='ocrx_word' id='word_1_302' title='bbox 787 2295 993 2336; x_wconf 70' lang='grc' dir='ltr'>ἀπαγγέλλω.</span> <span class='ocrx_word' id='word_1_303' title='bbox 1033 2298 1233 2338; x_wconf 84' lang='grc' dir='ltr'>ἀπηγγέλθη,</span> <span class='ocrx_word' id='word_1_304' title='bbox 1262 2299 1433 2340; x_wconf 83' lang='grc' dir='ltr'>ἀπηγγέλη</span> 
     </span>
    </p>

    <p class='ocr_par' dir='ltr' id='par_1_52' title="bbox 787 2382 1033 2423">
     <span class='ocr_line' id='line_1_78' title="bbox 787 2382 1033 2423; baseline 0.004 -10"><span class='ocrx_word' id='word_1_305' title='bbox 787 2382 956 2423; x_wconf 79' lang='grc' dir='ltr'>ἀπάρθενος</span> <span class='ocrx_word' id='word_1_306' title='bbox 970 2386 1033 2414; x_wconf 85' lang='grc'>610</span> 
     </span>
    </p>

    <p class='ocr_par' dir='ltr' id='par_1_53' title="bbox 783 2425 1204 2466">
     <span class='ocr_line' id='line_1_79' title="bbox 783 2425 1204 2466; baseline 0.01 -11"><span class='ocrx_word' id='word_1_307' title='bbox 783 2425 843 2456; x_wconf 83' lang='grc' dir='ltr'>ἀπὸ</span> <span class='ocrx_word' id='word_1_308' title='bbox 856 2432 887 2455; x_wconf 88' lang='lat' dir='ltr'>et</span> <span class='ocrx_word' id='word_1_309' title='bbox 903 2425 977 2466; x_wconf 80' lang='grc' dir='ltr'>ὑπὲρ</span> <span class='ocrx_word' id='word_1_310' title='bbox 994 2426 1123 2458; x_wconf 85' lang='lat' dir='ltr'>confusa</span> <span class='ocrx_word' id='word_1_311' title='bbox 1138 2430 1204 2459; x_wconf 87' lang='grc'>659</span> 
     </span>
    </p>

    <p class='ocr_par' dir='ltr' id='par_1_54' title="bbox 782 2467 1064 2508">
     <span class='ocr_line' id='line_1_80' title="bbox 782 2467 1064 2508; baseline 0 -9"><span class='ocrx_word' id='word_1_312' title='bbox 782 2467 995 2508; x_wconf 84' lang='grc' dir='ltr'>ἀπομόργνυμι</span> <span class='ocrx_word' id='word_1_313' title='bbox 1012 2469 1064 2499; x_wconf 78' lang='lat' dir='ltr'>xix</span> 
     </span>
    </p>

    <p class='ocr_par' dir='ltr' id='par_1_55' title="bbox 783 2510 1293 2549">
     <span class='ocr_line' id='line_1_81' title="bbox 783 2510 1293 2549; baseline 0.004 -8"><span class='ocrx_word' id='word_1_314' title='bbox 783 2510 996 2548; x_wconf 83' lang='grc' dir='ltr'>ἀπόπληκτος,</span> <span class='ocrx_word' id='word_1_315' title='bbox 1013 2512 1223 2549; x_wconf 78' lang='grc' dir='ltr'>ἆποπλήκτως</span> <span class='ocrx_word' id='word_1_316' title='bbox 1235 2525 1293 2544; x_wconf 84' lang='lat' dir='ltr'>xxv</span> 
     </span>
    </p>
   </div>
   <div class='ocr_carea' id='block_1_7' title="bbox 784 2554 1429 2638">
    <p class='ocr_par' dir='ltr' id='par_1_56' title="bbox 784 2554 1429 2638">
     <span class='ocr_line' id='line_1_82' title="bbox 784 2554 1429 2588; baseline 0.006 -4"><span class='ocrx_word' id='word_1_317' title='bbox 784 2554 971 2586; x_wconf 77' lang='grc' dir='ltr'>ἆποσταθεὶς</span> <span class='ocrx_word' id='word_1_318' title='bbox 1007 2566 1031 2586; x_wconf 84' lang='lat' dir='ltr'>S.</span> <span class='ocrx_word' id='word_1_319' title='bbox 1078 2556 1219 2588; x_wconf 82' lang='grc' dir='ltr'>ἀποστὰς</span> <span class='ocrx_word' id='word_1_320' title='bbox 1266 2556 1429 2588; x_wconf 80' lang='lat' dir='ltr'>considero</span> 
     </span>
     <span class='ocr_line' id='line_1_83' title="bbox 828 2597 982 2638; baseline 0.019 -12"><span class='ocrx_word' id='word_1_321' title='bbox 828 2597 903 2638; x_wconf 83' lang='lat' dir='ltr'>quid</span> <span class='ocrx_word' id='word_1_322' title='bbox 919 2600 982 2629; x_wconf 80' lang='lat'>782</span> 
     </span>
    </p>
   </div>
  </div>
 </body>
</html>
