1565 2834
519 56 687 89 INDEX
727 53 955 86 GRAECUS.

113 168 185 198 fusa
202 170 296 199 1060.
342 167 452 208 [Cous.
474 172 541 197 not.
556 167 596 197 ad
612 166 717 197 Orest.

117 221 146 240 v.
165 214 258 242 1311.
286 212 328 242 G.
345 212 392 242 H.
405 211 456 252 S.]

69 252 153 292 πρίν.
198 256 288 294 Sfflpe
303 265 373 285 cum
387 255 583 296 subjunctivo
594 252 718 293 Tragici

113 295 263 337 jungunt,
287 299 400 328 omisso
428 297 476 333 ἂν,
500 297 585 338 quod
605 298 637 327 in
654 306 716 326 ser-

117 350 210 369 mone
234 341 380 371 familiari
406 351 528 381 semper
550 340 719 381 requiritur

117 384 192 413 222.
208 383 278 423 πρὶν
292 384 330 415 ἂν
341 383 416 415 ‘ri—-
430 386 494 415 678

73 424 179 464 πρίων.
203 426 254 456 De
272 428 448 467 quantitate
462 429 493 458 h.
506 438 534 457 V.
551 431 581 458 5.
604 426 717 466 Singu—

118 469 173 498 lar.
186 475 217 499 et
232 470 344 510 plural.
361 471 483 501 confusi
499 475 516 500 5

72 511 224 551 προθυμία
253 518 285 543 et
308 513 462 553 προμηθία
490 513 619 544 confusa
644 515 706 543 911

74 555 227 594 προμηθία
250 562 282 586 et
309 556 459 596 προθυμία
486 556 617 587 confusa
644 558 720 586 911.

116 598 269 637 προμηθία
282 605 314 629 et
329 599 466 640 σωτηρία
481 599 612 630 confusa
633 602 694 630 911

73 640 150 680 πρὸς
174 652 246 671 cum
267 642 406 682 genitivo
427 648 501 682 post
515 642 654 672 activum
670 642 720 671 vel

117 685 258 714 neutrale
274 686 403 715 verbum
421 689 516 716 1011.
563 685 643 716 Cum
667 695 719 725 ge-

118 727 217 757 nitivo
239 728 271 757 in
294 728 464 769 adjurando
481 731 555 760 325.
600 728 720 764 Quate-

116 779 177 800 nus
191 771 343 801 articulus
355 771 389 801 in
406 772 463 802 hac
475 771 608 802 formula
623 770 720 800 adda-

119 818 168 843 tur
185 816 258 844 325.
276 814 351 855 πρὸς
367 821 399 844 et
420 815 455 845 ἐκ
479 815 607 845 confusa
627 817 722 845 1410.

118 855 194 895 πρὸς
209 861 241 886 et
255 857 337 898 παρὰ
353 857 484 888 confusa
499 861 562 889 139

74 898 246 939 προσάγειν
255 905 287 930 et
297 899 489 940 προσάπτειν
499 901 628 931 confusa
639 902 722 932 1379

74 942 291 983 προσβλέπειν
320 949 352 973 et
379 944 563 985 προσγελᾷν
592 944 724 974 confusa

77 1028 288 1069 προσημαίνω,
304 1030 492 1069 προσημανῶ
506 1032 570 1060 723

76 1071 284 1112 προσπίπτειν
309 1077 342 1102 et
367 1073 567 1113 προσπιτνεῖν
594 1073 725 1104 confusa

77 1156 237 1198 πρόσωθεν
252 1163 284 1188 et
300 1157 421 1189 ἄπωθεν
435 1159 567 1189 confusa
582 1162 645 1190 139

78 1200 244 1242 προφέρειν
258 1211 315 1241 pro
332 1201 514 1242 ὑπερφέρειν
530 1204 615 1233 1088

79 1243 226 1283 πτάομαι,
241 1246 372 1283 πτῶμαι,
386 1256 450 1275 non
465 1250 568 1276 exstat
584 1249 599 1276 l

78 1287 194 1319 πτίλον
208 1298 247 1317 an
259 1288 402 1328 Tragicis
419 1293 602 1328 usurpatum
617 1289 681 1319 284

79 1330 176 1362 πύλαι
194 1329 304 1362 ”Αιδου
333 1333 429 1362 1231.
456 1330 554 1362 πύλαι
578 1336 610 1360 et
639 1329 727 1369 δόμοι

123 1374 255 1404 confusa
272 1376 352 1405 1231

79 1418 144 1448 πῶς
169 1423 202 1447 et
226 1417 307 1449 ὅπως
331 1417 462 1448 confusa
487 1419 582 1448 1131.
603 1419 668 1449 πῶς
694 1422 727 1447 et

122 1458 216 1491 πόθεν
231 1461 360 1491 confusa
379 1462 442 1492 852

81 1504 243 1535 πωτᾶσθαι
259 1506 322 1535 664

386 1618 419 1643 Ρ.

82 1699 100 1727 ρ
116 1692 147 1716 et
163 1699 179 1717 ν
195 1687 324 1718 confusa
338 1690 401 1719 953

82 1729 210 1770 ῥίπτειν.
234 1730 284 1761 De
301 1731 476 1771 quantitate
492 1731 525 1762 h.
541 1742 569 1761 v.
583 1733 667 1762 1139

385 1850 420 1879 Σ.

85 1943 105 1961 σ
121 1936 153 1960 et
168 1942 184 1960 ο
201 1931 332 1961 confusa
347 1933 410 1962 734

85 1972 185 2010 σέβας
199 1977 263 2004 750

85 2017 197 2056 σεμνὸς
209 2023 241 2047 et
255 2017 367 2048 πιστὸς
382 2016 513 2047 confusa
524 2020 585 2048 511

85 2059 205 2091 σθένειν
219 2066 251 2090 et
266 2059 387 2091 στένειν
402 2060 533 2091 confusa
547 2062 609 2091 293

85 2102 185 2142 σίγμα
199 2103 422 2134 indeclinabile
438 2105 512 2134 476.
544 2102 672 2142 [Schol.
688 2103 726 2132 ad

128 2147 332 2188 Lycophron.
358 2157 389 2186 p.
415 2149 489 2176 362.
510 2146 606 2176 Miill.
632 2146 665 2176 ἐν
686 2146 732 2186 τῇ

127 2189 247 2229 γάμμα.
273 2189 325 2219 Al.
351 2190 385 2219 ἐν
408 2189 453 2227 τῷ
471 2187 589 2227 γάμμα.
634 2188 729 2225 Quod

129 2243 194 2263 non
207 2233 267 2263 fuit
281 2243 336 2262 cur
352 2237 523 2262 mutaretur
537 2232 570 2261 in
580 2230 730 2270 γάμματι.

130 2276 225 2306 Conf.
252 2275 400 2307 Addend.
425 2274 464 2304 ad
489 2274 622 2315 Gregor.
666 2274 729 2305 Co-

130 2319 223 2349 rinth.
239 2329 270 2359 p.
281 2321 356 2349 931.
367 2319 562 2357 γαμμοειδῶς
576 2318 625 2348 bis
637 2318 732 2348 habet

129 2361 345 2392 Nicomachus
361 2372 392 2401 p.
405 2364 460 2392 97.
475 2361 545 2392 Ast.
564 2361 606 2391 G.
618 2361 664 2392 Η.
678 2361 730 2402 8.]

88 2405 309 2444 σιγματοειδὴς
323 2407 388 2436 476

87 2449 183 2479 σῖτος,
231 2448 282 2477 De
300 2446 413 2487 plurali
430 2447 504 2478 σῖτα
517 2450 581 2478 494

87 2491 225 2532 σμικρὸς,
240 2489 347 2531 μικρὸς
364 2492 426 2521 172

87 2533 155 2566 σός.
169 2534 207 2564 τὸ
223 2533 291 2568 σὸν,
308 2538 369 2563 etc.
393 2532 524 2563 confusa
538 2543 608 2562 cum
623 2532 734 2565 τοσόν-

132 2579 176 2612 δε,
193 2582 256 2606 etc.
271 2579 346 2608 464.
362 2577 430 2606 σοῖς
445 2580 478 2605 et
491 2576 591 2606 τοῖσδ’
607 2577 736 2608 confusa

131 2623 207 2653 925.
223 2619 265 2651 σὰ
281 2625 311 2650 et
327 2619 368 2650 τὰ
383 2619 513 2650 confusa
528 2622 589 2650 995

1352 40 1409 81 99

758 163 857 204 σοφὸς
872 165 911 194 ab
930 163 1077 204 Euripide
1093 165 1325 205 frequentatum
1342 166 1404 194 300

758 207 852 239 σπέος
868 214 901 237 et
912 206 1007 238 πέδον
1020 208 1150 238 confusa
1165 211 1247 238 1356

758 251 882 291 σπέρμα
898 254 961 282 812

758 295 901 329 σπεῦσαι,
919 295 1057 325 σπεῦσον
1074 298 1134 325 184

758 339 949 369 στέλλεσθαι
964 340 1027 368 666

759 380 879 413 στένειν
894 386 926 411 et
941 379 1062 412 σθένειν
1076 381 1159 411 conf.
1177 383 1239 411 293

759 424 877 464 στέφος
892 433 925 454 et
939 423 1058 455 πλόκος
1073 424 1202 455 confusa
1218 427 1292 455 782.
1308 426 1370 454 9⁴5

759 469 885 507 στοῖχοι
900 466 1002 508 φόβου
1016 470 1079 499 281

760 512 896 552 στρωφσζ
897 523 913 541 ν
928 513 991 542 664

761 554 812 587 σύ.
836 554 875 585 σὺ
904 553 1020 593 δὲ-γε
1044 556 1118 585 814.
1143 555 1213 591 σοῦ,
1243 564 1311 588 σου,
1343 553 1405 587 σοὶ,

804 609 855 629 σοι
871 601 924 628 51.
937 601 1012 629 261-
1028 600 1101 628 329.
1114 600 1189 628 589.
1214 597 1262 633 σὲ,
1280 608 1317 627 σε
1334 598 1408 627 32&-

805 644 880 672 626.
896 644 990 672 1007.
1005 652 1041 671 σε
1053 646 1086 670 et
1099 651 1139 679 γε
1155 640 1285 671 confusa
1301 643 1361 670 867

762 683 934 723 συγγνώμη
946 687 1008 714 810

763 726 953 767 συγκεράσαι
966 726 1073 766 φιλίαν
1085 729 1146 758 138

764 769 1026 811 συμπαραμιγνύω
1041 773 1104 801 744

762 813 917 855 συμφορὰ,
934 812 1088 854 συμφοραὶ
1104 815 1156 843 34.
1174 815 1256 844 1230

763 857 947 894 συνήδεσθαι
964 860 1024 887 136

764 899 911 932 συνουσία
926 906 957 930 et
970 899 1113 931 κοινωνία
1124 899 1254 929 confusa
1269 901 1332 929 256

764 943 898 983 συνῳδὸς
914 946 998 974 1266

765 993 832 1028 σφι,
850 992 924 1026 σφιν
940 989 1004 1017 400

765 1029 903 1070 σχέθειν,
924 1029 1053 1068 σχεθεῖν
1067 1030 1150 1059 1023

765 1072 885 1113 σχολή.
903 1072 952 1103 ἐπὶ
967 1073 1103 1112 σχολῆς,
1120 1070 1169 1102 ἐπὶ
1185 1071 1308 1112 σχολῇ.
1327 1071 1368 1102 V.
1386 1081 1410 1100 s.

808 1127 839 1146 V.
855 1115 953 1147 οὐθεὶς

767 1159 904 1199 σωτηρία
919 1164 952 1189 et
966 1158 1118 1199 προμηθία
1133 1156 1261 1189 confusa
1274 1159 1338 1187 911

1071 1291 1107 1317 Τ.

767 1382 787 1400 τ
802 1375 835 1400 et
849 1372 872 1410 ψ
886 1370 1017 1401 confusa
1030 1372 1106 1401 553.
1120 1372 1185 1402 722

768 1412 911 1446 τάλαντα
926 1412 1057 1454 χρύσεια
1072 1416 1135 1445 542

767 1455 877 1488 τάλας.
899 1456 936 1494 δὴ
959 1455 1094 1488 τάλαινα
1108 1461 1142 1486 et
1156 1457 1235 1493 δῆτα
1249 1455 1323 1487 λίαν
1337 1465 1411 1487 con-

811 1500 880 1530 fusa
895 1502 957 1531 925

768 1543 864 1573 τανῦν
879 1547 912 1573 et
926 1543 958 1582 γ’
972 1542 1010 1574 ἂν
1025 1541 1079 1574 οὖν
1091 1543 1175 1574 conf.
1191 1546 1254 1574 504

766 1597 814 1616 τε.
859 1585 911 1615 De
926 1585 1002 1616 sede
1016 1587 1047 1616 h.
1064 1598 1093 1615 v.
1109 1589 1184 1617 750.
1216 1586 1268 1616 De
1285 1591 1418 1616 accentu

811 1629 846 1659 h.
858 1640 888 1658 v.
903 1632 956 1660 95.
985 1628 1026 1667 γέ
1046 1640 1083 1659 τε
1104 1638 1265 1669 nunquam
1286 1629 1416 1669 conjun-

812 1677 891 1712 gunt
906 1671 1007 1702 Attici
1023 1673 1097 1702 863.
1119 1683 1155 1702 τε
1172 1677 1204 1701 et
1218 1682 1257 1710 γε
1286 1671 1420 1701 confusa

813 1717 886 1746 122.
901 1718 976 1746 255.
992 1717 1066 1745 510.
1079 1717 1155 1746 949.
1172 1717 1270 1746 1244.
1285 1725 1320 1745 τε
1337 1719 1368 1744 et
1384 1714 1417 1744 δὲ

811 1757 941 1788 confusa
951 1760 1003 1788 39.
1015 1760 1067 1788 89.
1080 1761 1155 1789 193.
1168 1760 1243 1789 236.
1257 1759 1332 1789 263.
1341 1758 1416 1788 487.

812 1803 886 1832 510.
901 1804 976 1842 562.
989 1803 1065 1832 743.
1084 1803 1178 1831 1191.
1192 1803 1274 1831 1285

769 1843 900 1882 τέγγειν
912 1849 944 1874 et
959 1842 1089 1883 τεύχειν
1103 1843 1186 1874 conf.
1201 1846 1263 1875 860

768 1885 928 1924 Τελέστης
944 1889 1005 1918 139

769 1928 876 1965 τέλος,
889 1929 969 1967 τέλη
986 1931 1071 1961 1379

769 1972 899 2013 τερπνὸς
915 1978 947 2003 et
963 1972 1089 2013 φαιδρὸς
1105 1973 1188 2005 conf.
1204 1975 1287 2004 1039

769 2015 941 2057 τετρακτὺς
953 2019 1016 2047 629

771 2059 898 2099 τεύχειν
913 2064 946 2089 et
959 2058 1088 2099 τέγγειν
1103 2059 1187 2090 conf.
1203 2061 1266 2090 860

771 2101 860 2133 τίειν.
874 2102 1004 2134 τίεσθαι·
1029 2102 1068 2133 de
1087 2103 1321 2133 constructione
1338 2104 1369 2133 h.
1391 2114 1419 2134 v.

819 2148 914 2177 1313.
929 2144 1008 2176 τίειν
1023 2147 1110 2184 δίκην
1125 2148 1200 2177 798.
1218 2148 1301 2176 1313

774 2187 900 2220 τιθέναι.
918 2188 1013 2226 θήσω,
1030 2189 1162 2227 θήσομαι
1177 2191 1252 2219 922.
1277 2188 1420 2227 θήσομαι,

819 2232 1002 2273 ‘judicabo’
1019 2234 1094 2264 532.
1109 2231 1248 2263 τίθεσθαι
1262 2232 1344 2269 νοῦν,
1359 2238 1421 2263 etc.

775 2317 823 2349 τίς
836 2323 867 2348 et
879 2317 911 2349 τί
925 2318 1056 2349 confusa
1068 2321 1128 2350 151

775 2361 823 2392 τὶς
839 2371 856 2391 a
871 2361 1008 2391 librariis
1024 2361 1176 2392 omissum
1191 2365 1266 2394 842.
1303 2362 1354 2392 De
1371 2373 1421 2392 ac-

819 2410 914 2435 centu
939 2405 971 2434 h.
994 2415 1025 2434 V.
1051 2407 1104 2436 93.
1125 2408 1200 2436 726.
1226 2408 1300 2436 742.
1324 2408 1405 2436 1301
1415 2428 1421 2435 .

821 2447 882 2478 τινὶ
898 2452 931 2477 et
944 2446 1021 2478 ποτὲ
1037 2448 1167 2479 confusa
1179 2451 1245 2480 726

779 2491 887 2521 τλᾶσα
902 2495 934 2520 et
950 2492 1052 2531 δρῶσα
1067 2491 1150 2521 conf.
1167 2493 1250 2522 1325

780 2545 841 2571 τοι,
868 2538 878 2552 ‘
890 2534 993 2564 certe’
1012 2536 1106 2565 1011.
1151 2533 1377 2576 Diphthongus
1392 2535 1425 2565 in

824 2589 874 2608 τοι
890 2576 966 2607 elidi
980 2587 1046 2607 non
1060 2582 1177 2618 potest,
1188 2577 1245 2608 sed
1255 2587 1310 2618 per
1324 2579 1426 2608 crasin

826 2620 970 2650 vocalem
986 2621 1113 2662 longam
1129 2621 1225 2651 efficit
1241 2624 1315 2653 863.
1338 2622 1367 2651 τ’
1391 2621 1428 2652 ἂν
