1566 2789
126 127 184 170 80
418 141 635 168 ADDENDA
659 142 707 167 m
731 141 859 168 rioms
882 141 940 167 AD
963 142 1190 169 HECUBAM.

127 233 340 282 λογίΞετ-αι,
372 235 543 272 Μάταιός
575 235 689 273 ἐστιν·
719 236 761 272 οὗ
791 237 864 283 ’γὰρ
901 237 978 273 ἔσθ’
1008 238 1068 284 ἥγ’
1102 236 1242 284 αὔριον,
1278 233 1377 284 Πρὶν
1410 233 1450 273 εὖ

129 291 227 340 πάθῃ
247 303 298 324 τις
317 289 382 332 τὴν
400 297 592 336 παροῦσαν
611 290 764 338 ἡμέραν·
795 302 910 339 quem
937 289 1065 326 locum
1093 295 1250 339 propter
1272 288 1375 325 hanc
1394 288 1452 339 ip-

129 353 213 377 sam
241 341 476 390 pronominis
506 342 775 391 repetitionem
806 342 900 379 citat
929 341 1156 379 Eustathius
1186 341 1236 378 ad
1265 341 1311 379 Il.
1332 341 1383 379 K.
1410 354 1450 391 p.

131 395 222 431 801.
249 395 415 431 1:719.
441 396 500 432 12.
558 395 691 432 Sexies
712 394 850 445 repetit
880 412 930 433 τις
957 396 994 433 in
1015 395 1135 433 tribus
1158 394 1331 432 versibus
1358 393 1451 432 Phi-

130 446 259 484 lemon
279 460 318 497 p.
343 449 432 485 358.
469 448 596 491 (Stob.
627 447 725 486 cviii.
744 461 783 497 p.
804 450 896 487 455.
917 448 980 486 ed.
1002 448 1114 486 Grot.
1135 449 1227 486 570.
1249 450 1286 484 4.
1309 448 1452 496 Gesn.)

131 499 275 537 Noster
297 499 426 538 Orest.
446 502 562 539 1216.
591 500 765 538 Φύλασσε
795 500 838 548 δ’,
860 505 904 548 ἥν
923 518 986 546 τις,
1008 504 1091 550 πρὶν
1111 504 1310 554 τελευτηθῇ
1329 503 1450 552 φόνος,

120 551 177 590 ”H
211 553 401 604 ξύμμαχός
432 570 496 598 τις,
529 556 550 599 ἢ
579 558 798 602 κασίγνητος
828 555 960 602 πατρὸς
984 556 1128 592 Ἐλθὼν
1153 556 1188 591 ἐς
1223 558 1339 592 οἴκους
1361 556 1449 607 φθῇ.

129 605 368 656 Aliquando,
389 607 526 650 fateor,
554 607 629 644 hoc
648 619 861 656 pronomen
892 608 974 645 sine
1003 621 1123 646 causa
1153 607 1337 645 addidere
1357 609 1450 645 scri-

127 659 204 703 bae,
225 660 325 696 utin
350 659 610 709 Aristophane
629 661 750 710 Vesp.
776 662 837 697 11.
868 662 993 710 Κᾶμοὶ
1020 665 1090 709 γὰρ
1118 663 1244 709 ἀρτίως
1264 661 1347 708 (τις)
1365 661 1450 698 έπε-

129 715 389 759 στρατεύσατο,
417 713 454 749 in
478 713 672 751 Machone
691 713 871 750 Athenaei
889 714 968 751 xiii.
989 728 1027 764 p.
1049 715 1140 751 581.
1165 714 1213 750 D.
1242 715 1308 751 Ἐν
1327 728 1452 751 σκυτο-

128 769 240 816 τομίῳ
273 767 378 813 (τινὶ)
410 769 503 815 μετὰ
530 774 640 805 τινῶν
669 769 882 816 καθήμενος.
941 767 1018 804 Sed
1050 767 1173 804 multo
1207 766 1349 816 soepius
1382 773 1452 804 aut

127 816 338 867 ejecerunt.
360 826 425 856 aut
445 827 710 869 corruperunt.
768 819 883 862 Quod
905 820 941 856 iu
964 820 1163 870 Aristoph.
1181 820 1335 856 Thesm.
1357 820 1450 856 618.

127 870 295 920 conjecit
324 871 532 918 Kusterus,
563 873 680 909 habet
707 872 784 909 ΜΞ.
808 873 1031 919 Ravennas,
1060 875 1308 923 ἀναίσχυντός
1327 889 1379 910 τις
1404 870 1450 910 εἶ.

128 923 173 959 In
205 923 342 960 eodem
379 925 596 975 fragmento
632 925 838 962 Machonis
869 926 1002 975 paullo
1035 933 1125 963 ante
1152 925 1362 974 legendum
1391 933 1451 962 est

127 977 356 1026 χαλκοτύπος
375 994 425 1014 τις
441 978 562 1028 σφόδρ’
582 981 694 1027 ἀφυὴς
709 992 777 1028 pro
798 996 837 1029 χ.
860 979 980 1028 σφόδρ’
995 981 1138 1029 εὐφυὴς.
1197 979 1319 1015 Poeta
1339 979 1451 1028 igno-

127 1036 191 1066 tus
213 1030 316 1081 apud
337 1030 545 1068 Scholiast.
567 1032 616 1068 ad
640 1032 751 1068 Iliad.
771 1031 816 1069 Γ.
838 1033 930 1069 415.
967 1033 1014 1069 Ὁ
1045 1032 1125 1070 θεὸς
1153 1033 1212 1068 ἐπὶ
1243 1036 1451 1080 σμικροῖσιν

127 1084 169 1118 οὺ
189 1085 440 1131 θερμαίνεται,
458 1085 568 1122 Ἀλλ’
586 1088 629 1121 ὡς
651 1084 764 1131 λέβης
783 1091 845 1122 τοῦ
865 1086 1035 1134 μείξονος
1052 1085 1170 1122 δεῖται
1186 1087 1306 1133 πυρός.
1348 1083 1449 1122 Lan—

127 1134 288 1183 guidum
310 1136 405 1173 illud
425 1143 488 1174 τοῦ
508 1137 790 1175 Valckenaorio
811 1138 972 1175 debetur
992 1138 1041 1175 ad
1064 1138 1221 1188 Hippol.
1250 1138 1335 1174 120.
1372 1138 1450 1174 Co·

126 1187 203 1224 dex
235 1188 509 1228 Townleianus
543 1197 660 1235 recte,
691 1193 775 1227 ἀλλ’
808 1194 852 1228 ὡς
883 1191 997 1239 λέβης
1026 1208 1090 1229 τις.
1148 1189 1450 1228 Restituendum

126 1239 229 1277 idem
258 1254 470 1290 pronomen
500 1243 653 1280 duobus
676 1243 905 1281 Philoctetae
937 1243 1144 1294 Sophoclei
1176 1243 1285 1282 locis.
1341 1243 1451 1281 Prior

126 1300 187 1330 est
210 1294 297 1331 196.
329 1296 408 1332 Οὐκ
429 1297 530 1333 ἔστιν
551 1297 644 1333 ὅπως
664 1298 704 1333 οὺ
733 1300 824 1333 θεῶν
840 1301 990 1349 μελέτῃ.
1048 1297 1112 1334 Sic
1138 1296 1267 1346 vulgo.
1324 1295 1450 1334 Aldus

125 1353 164 1382 et
193 1346 379 1396 plerique,
409 1348 539 1394 credo,
562 1350 662 1386 Mss.
683 1351 745 1386 οὐκ
765 1352 846 1386 ἔσθ’
867 1350 961 1386 ὅπως
980 1352 1021 1387 οὺ
1040 1353 1133 1387 θεῶν
1153 1366 1214 1386 του
1233 1366 1272 1398 μ’.
1331 1349 1449 1398 Lege,

125 1400 188 1435 οὐκ
207 1401 282 1436 ἔσθ’
300 1404 342 1437 ὡς
363 1403 403 1437 οὑ
423 1404 516 1438 θεῶν
535 1419 599 1439 του
617 1418 658 1452 μ.
718 1402 851 1439 Rarior
881 1403 1002 1439 forma
1034 1403 1072 1440 in
1099 1415 1343 1440 communem
1366 1415 1450 1439 mu-

124 1459 220 1489 tata.
278 1453 412 1504 Antig.
434 1456 527 1491 750.
554 1456 706 1500 Ταύτην
727 1457 804 1492 ποτ’
822 1457 885 1492 οὐκ
913 1458 986 1492 ἔσθ’
1008 1460 1052 1493 ὡς
1081 1458 1133 1492 ἔτι
1154 1457 1282 1495 «ἐῶσαν
1302 1461 1448 1503 γαμεῖς.

124 1504 233 1541 Alter
262 1504 370 1542 loeus
401 1520 491 1543 mox
521 1509 688 1544 occurrit
717 1507 883 1545 Philoct.
909 1510 1000 1546 203.
1028 1509 1145 1546 Φωτός
1173 1509 1374 1559 {him-popm,
1404 1511 1449 1544 ὡς

124 1561 346 1606 τειρομένου.
405 1560 521 1596 Hunc
540 1573 693 1597 versum
714 1573 800 1597 cum
825 1561 1042 1598 Bruuckius
1068 1562 1348 1612 anapaesticum
1367 1573 1451 1598 cre-

125 1609 248 1655 deret,
270 1611 589 1661 antistrophicum
612 1613 661 1649 ad
688 1613 851 1649 eandem
880 1614 1067 1651 rationem
1087 1614 1293 1652 emendare
1314 1613 1448 1658 voluit,

124 1665 170 1699 ὡς
190 1664 418 1700 resecando.
475 1665 553 1702 Sed
579 1665 710 1714 justus
743 1666 1006 1715 anapaesticus
1036 1667 1184 1704 hiatum
1215 1667 1330 1703 istum
1359 1674 1449 1717 post

124 1720 337 1765 τειρομένου
377 1730 453 1754 non
494 1718 674 1755 admittit.
732 1719 956 1768 Legendum
994 1727 1089 1765 erat,
1126 1724 1335 1769 τειρομένου
1372 1736 1447 1756 του.

126 1768 271 1805 Versus
296 1776 356 1806 est
371 1777 556 1807 constans
573 1784 592 1807 e
611 1771 800 1821 spondeo,
823 1772 974 1808 duobus
992 1772 1222 1809 choriambis
1239 1780 1277 1810 et
1296 1771 1449 1822 syllaba

122 1821 367 1867 catalectica,
397 1823 531 1872 quales
562 1831 654 1861 sunt
681 1824 742 1874 Aj.
774 1827 866 1861 628.
898 1826 989 1863 640.
1022 1825 1122 1862 infra
1156 1825 1323 1862 Philoct.
1356 1827 1446 1863 710.

123 1873 235 1919 Πλὴν
256 1875 293 1920 ἐξ
314 1875 512 1919 ὠκυβόλων
534 1878 658 1914 cin-ore
689 1881 811 1921 τόξων,
833 1880 924 1915 722.
948 1878 1019 1915 “Os
1046 1894 1104 1915 νιν
1131 1880 1341 1929 ‘nomon-dp?
1363 1877 1446 1915 δού-

122 1941 219 1973 ρατι,
241 1929 389 1971 πλήθει.
447 1929 511 1966 Sic
545 1930 607 1965 isti
635 1943 767 1967 versus
802 1930 921 1966 dividi
953 1930 1109 1967 debent.
1167 1931 1320 1968 Similes
1355 1938 1447 1969 sunt

125 1979 215 2016 OEd.
236 1980 283 2017 C.
311 1981 402 2018 696.
428 1983 519 2019 701.
545 1984 635 2019 703.
665 1984 757 2020 709.
780 1985 871 2020 714.
893 1984 984 2020 716.
1017 1984 1217 2034 Aristoph.
1250 1984 1322 2034 Eq.
1354 1985 1445 2022 556.

123 2034 214 2069 557.
236 2032 326 2069 586.
350 2036 441 2072 587.
499 2034 679 2072 Citantur
708 2036 928 2086 Epicharmi
956 2050 1090 2073 versus
1109 2037 1268 2086 quidam
1299 2049 1320 2073 a
1349 2038 1446 2074 Cor-

123 2091 218 2121 nuto
239 2098 274 2123 c.
301 2087 361 2123 14.
396 2100 436 2136 p.
470 2088 557 2124 161.
593 2102 688 2138 quos
716 2089 798 2138 jam
830 2089 1062 2138 depravatos
1093 2090 1239 2126 invenit
1271 2089 1447 2127 Eudocia

124 2137 162 2173 in
180 2138 385 2176 Villoisoni
404 2140 618 2178 Anecdotis
644 2142 793 2179 Graecis
823 2148 850 2178 t.
871 2142 895 2178 i.
924 2155 963 2192 p.
993 2143 1085 2180 295.
1115 2142 1163 2179 de
1193 2142 1319 2180 Musis
1350 2143 1446 2180 Cor-

122 2197 259 2228 nutum
297 2193 535 2231 exscribens.
592 2194 669 2231 Sed
704 2195 841 2245 partini
876 2207 948 2245 ope
981 2195 1058 2233 Ms.
1092 2195 1274 2233 facillime
1307 2196 1447 2246 corrigi

120 2251 314 2292 possunt:
356 2245 453 2283 Αἵτε
487 2263 520 2283 τι
553 2248 660 2292 &tyre-‘c'
690 2249 804 2299 σοφόν
834 2263 898 2292 τις,
931 2250 1053 2286 νυκτὸς
1082 2250 1317 2297 ἐνθυμητέον.
1352 2249 1444 2294 Καὶ,

121 2295 258 2334 Πάντα
277 2299 322 2334 τὰ
343 2298 528 2336 σπουδαῖα
548 2301 671 2338 νυκτὸς
692 2303 840 2349 μᾶλλον
860 2302 1114 2349 ἐξευρίσκεται.
1173 2302 1365 2352 Vulgatur
1384 2308 1446 2345 τῆς

122 2360 192 2396 pro
222 2365 284 2386 τις.
342 2350 451 2388 Idem
483 2352 663 2389 mendum
685 2353 922 2390 Philemonis
950 2354 1078 2392 locum
1108 2354 1243 2391 leviter
1274 2354 1446 2404 corrupit

120 2413 158 2450 p.
183 2402 271 2440 356.
293 2406 370 2451 (cv.
391 2417 429 2454 p.
450 2407 542 2442 441.
561 2406 624 2443 ed.
642 2406 771 2453 Grot.)
791 2405 978 2443 Πολλάκις
1003 2409 1102 2458 ἔχων
1122 2424 1173 2444 τις
1195 2406 1280 2444 οὐδὲ
1299 2409 1444 2454 τάναγ-

121 2459 208 2490 καῖα
230 2460 308 2503 νῦν,
331 2456 472 2506 Αὔριον
491 2459 698 2504 ἑπλούτησ“,
719 2461 812 2495 ὥστε
839 2461 1014 2510 χάτέρους
1034 2464 1188 2510 τρέφειν.
1244 2460 1444 2508 Θησαυρὸν

121 2506 235 2554 εὑρὼν
263 2511 436 2558 σήμερον,
464 2517 524 2554 τῆς
552 2511 678 2559 αὔριον
695 2511 876 2549 ”Amnum
905 2515 973 2550 τάκ
1000 2520 1058 2558 τῆς
1089 2516 1202 2551 οἰκίας
1231 2514 1442 2551 ἀπώλεσεν.

121 2558 218 2602 Quis
238 2573 317 2599 non
336 2562 443 2602 videt
461 2563 670 2615 legendum
691 2567 849 2616 σὴμερόν
864 2581 927 2613 τις,
947 2565 1102 2616 αὕριονῗ
1132 2566 1279 2604 Eadem
1299 2566 1444 2618 pagina
