1566 2789
144 59 289 100 XXXlV
365 70 590 103 SUPPLEM
602 71 772 101 EN'J‘UM
806 72 873 101 AD
908 72 1291 103 PRAEFATlONEM.

145 170 546 225 frequentissimum
569 186 667 213 esse
689 187 854 225 genus;
887 178 1201 216 monometrum
1222 180 1365 217 tamen
1389 176 1468 216 ali-

147 229 324 281 quando
362 231 579 283 interponi
600 244 610 281 ;
669 231 784 284 [xlv]
834 232 1091 283 ilegitimum
1130 246 1231 272 vero
1272 238 1467 286 systema

146 298 320 339 semper
341 300 469 327 versu
492 289 773 340 paroemiaco,
796 289 870 341 qni
899 289 1069 338 dicitur,
1105 302 1159 329 ex
1183 290 1325 330 tribus
1343 290 1467 342 pedi-

145 342 228 383 bus
244 347 284 383 et
305 343 479 396 syllaba
500 346 762 397 composito,
785 345 946 386 claudi.
1007 346 1245 398 Dactylum
1269 351 1311 386 et
1332 359 1467 399 spon-

147 399 273 440 deum
296 401 554 441 creberrime
576 414 654 453 pro
675 408 905 454 anapaesto
927 402 1132 442 adhibent
1151 416 1160 453 3
1197 403 1274 443 sed
1293 404 1465 443 rarissi-

144 469 213 496 me
234 458 702 509 proceleusmaticum3
737 460 958 500 rarissime
990 460 1122 498 etiam
1153 459 1331 513 dactylo
1361 472 1465 500 ana-

145 519 332 566 paestum
356 514 609 567 subjiciunt.
642 515 794 555 Sicubi
816 516 979 556 hiatum
1002 516 1179 567 Tragici
1197 517 1465 570 relinquunt,

145 574 237 610 tum
260 572 459 611 vocalem
489 572 559 611 vel
580 571 892 624 diphthongum
928 574 1175 613 necessario
1209 575 1465 626 corripiunt,

144 631 207 676 ut,
241 630 366 678 μοῦσα
398 634 464 666 καῖ
493 630 590 678 ἡμῖν,
627 627 796 668 λείπεταῖ
830 631 941 680 ὑμῶν.
986 628 1107 670 Med.
1139 630 1264 671 1081.
1300 630 1469 671 Troad.

143 683 243 724 603,
274 684 420 725 Metra
440 686 530 725 sive
552 685 748 736 dipodioe
770 690 859 726 tum
880 687 1072 726 maxime
1090 699 1347 727 numerosos
1368 700 1466 728 ver-

144 753 221 780 sus
238 740 443 790 efficiunt,
465 755 562 781 cnm
584 743 626 781 in
663 742 853 794 integras
876 756 1012 782 voces
1042 742 1264 791 desinunt,
1288 748 1464 796 praeter-

143 810 275 850 quam
297 798 342 837 in
377 811 505 838 versu
527 797 806 847 catalectico,
839 800 912 851 qni
944 803 1036 838 tum
1069 800 1261 839 maxime
1282 801 1463 841 auribus

140 854 353 907 placebit,
392 868 490 894 cum
530 855 773 895 hexametri
802 855 1007 909 dactylici
1048 856 1178 895 finem
1208 858 1462 898 constituet.

142 909 474 963 Nonnunquam
494 924 599 951 vero
631 917 674 952 et
709 913 746 951 is
782 912 1003 965 dactylum
1032 912 1223 952 admittit.
1254 914 1296 954 in
1317 914 1460 967 primo

140 966 256 1016 loco,
278 972 325 1007 ut
349 968 469 1008 Med.
501 968 627 1008 1085.
672 970 751 1007 Οὐκ
772 967 980 1020 ἀπόμουσον
1016 968 1056 1007 τὸ
1088 974 1286 1023 γυναικῶν.
1320 971 1459 1024 Hipp.

141 1023 239 1064 240.
272 1024 347 1063 Καὶ
367 1023 594 1078 παρακόπτει
616 1023 756 1079 φρένας,
774 1023 801 1063 ὦ
819 1027 898 1066 παῖ.

197 1080 550 1122 Accuratissime
571 1083 826 1135 plerumque
859 1083 1140 1124 dimetrorum
1162 1085 1460 1137 anapaestico-

139 1149 234 1177 rum
253 1137 376 1190 leges
398 1143 575 1180 servant
610 1138 804 1189 Comici3
838 1140 1065 1189 interdum,
1101 1141 1179 1181 sed
1201 1155 1312 1191 raro,
1332 1141 1460 1184 Aris-

141 1193 356 1246 tophanes
379 1195 466 1235 duo
494 1208 645 1236 versus
680 1196 891 1246 confudit,
919 1196 1058 1250 Vesp.
1091 1199 1189 1238 750.
1222 1199 1457 1249 interdum,

141 1250 222 1290 sed
243 1250 289 1290 in
311 1251 487 1304 proprio
510 1252 698 1302 nomine,
732 1252 926 1308 Γλαυκέτῃ
957 1254 1173 1307 dactylum
1207 1255 1325 1305 fecit,
1348 1255 1457 1297 Pac.

139 1306 265 1348 1008.
324 1308 427 1357 Sed,
451 1312 495 1349 ut
511 1322 612 1349 vere
631 1310 801 1364 loquar,
823 1311 919 1351 haec
941 1312 1121 1351 materia
1143 1316 1229 1352 tam
1253 1314 1456 1365 copiosa,

139 1363 182 1403 in
204 1367 268 1404 tot
294 1368 439 1416 partes
460 1366 614 1407 diffusa
635 1372 713 1415 est,
734 1371 781 1408 ut
812 1367 984 1408 facilius
1015 1367 1183 1408 initium
1205 1382 1338 1422 quam
1361 1370 1457 1410 exi-

138 1423 229 1459 tum
250 1420 446 1461 inveniat
467 1423 619 1461 oratio.
682 1424 828 1462 Unam
860 1425 992 1474 igitur
1017 1431 1338 1476 anapaestorum
1361 1439 1456 1480 par-

137 1479 222 1515 tem
241 1476 454 1517 illustrare
475 1478 683 1523 conabor,
707 1479 881 1519 scilicet
901 1479 1349 1532 Aristophanicorum.

193 1530 510 1584 Anapaesticus
530 1533 897 1588 Aristophanis-us
923 1540 1100 1577 constat
1121 1538 1296 1578 duobus
1318 1539 1453 1580 dime-

137 1588 214 1629 tris
236 1590 538 1641 anapaesticis,
561 1604 744 1643 quornm
767 1606 881 1633 unus
913 1598 983 1633 est
1003 1593 1128 1633 alteri
1151 1596 1452 1637 catalecticus.

248 1644 367 1686 Plut.
386 1646 485 1687 487.
513 1647 627 1686 Ἀλλ’
647 1647 706 1696 ἤδη
722 1652 821 1704 χρῆν
842 1666 877 1688 τι
900 1649 1021 1703 λέγειν
1042 1652 1151 1700 ὑμᾶς,

512 1727 565 1733 —
585 1706 710 1756 ἙἸσφὸν,
733 1703 764 1759 ᾦ
784 1705 948 1754 νικήσετε
964 1705 1074 1754 τηνδί.

134 1755 186 1796 In
209 1757 349 1798 tribus
370 1759 588 1811 prioribus
618 1760 729 1801 locis
761 1768 921 1814 praeter
942 1766 1218 1816 anapaestum
1242 1768 1286 1804 et
1316 1778 1449 1818 spon-

133 1812 261 1853 deum
278 1814 453 1868 dactylo
472 1820 673 1868 utuntur3
692 1819 807 1871 quod
826 1825 867 1859 et
888 1820 929 1859 in
947 1820 1098 1872 quinto
1116 1821 1240 1871 licet3
1258 1822 1300 1860 in
1321 1836 1449 1874 quar-

131 1875 175 1908 to
197 1874 238 1910 et
268 1876 397 1912 sexto
418 1885 504 1912 non
536 1873 652 1914 licet.
727 1875 871 1926 [xlvii]
923 1876 1152 1916 Caesuram
1181 1890 1268 1917 non
1300 1879 1445 1920 minus

132 1933 340 1967 accurate
362 1933 554 1977 servant,
576 1943 706 1983 qnam
728 1932 880 1983 tragici
902 1933 1112 1973 trochaici
1131 1946 1141 1982 3
1163 1935 1449 1986 paucissimae

131 1986 246 2022 certe
287 1986 576 2037 exceptiones
608 1987 738 2027 hodie
772 1994 1024 2039 occurrnnt3
1063 2003 1161 2041 qnae
1195 1991 1308 2030 enim
1344 1993 1447 2032 olim

129 2039 377 2089 exstabant,
400 2043 638 2082 maximam
659 2048 826 2095 partem
850 2045 961 2085 Mss.
984 2049 1027 2085 et
1047 2046 1219 2086 critices
1239 2060 1322 2099 ope
1344 2050 1446 2089 sub-

128 2093 229 2134 latae
246 2100 358 2136 sunt.
420 2097 567 2137 Unum
589 2102 632 2138 et
655 2099 837 2140 alterum
860 2102 1109 2154 exemplum
1131 2103 1261 2153 dabo,
1283 2105 1327 2143 in
1351 2107 1448 2158 qui-

128 2150 211 2190 bus
234 2151 375 2191 adhuc
396 2154 598 2202 mendum
621 2155 782 2196 haerere
804 2158 1011 2199 videatur.
1039 2157 1124 2197 Av.
1145 2160 1244 2200 (501.

229 2211 304 2246 Τῶν
325 2208 520 2263 o’cguyvpt'ww
546 2210 640 2249 οὗτοι
663 2214 738 2266 γὰρ
760 2210 879 2251 ἴσασι·
898 2213 1050 2268 λέγουσι
1069 2213 1105 2252 δέ
1122 2231 1176 2253 τοι
1196 2215 1283 2254 τάδε
1298 2214 1442 2265 πάντες.
1496 2229 1500 2231 ’

127 2262 375 2304 Brunckius
393 2266 586 2318 conjicit,
609 2265 702 2307 οὗτοι
725 2271 800 2323 γὰρ
817 2267 935 2309 ἰ’σασ·’”·
953 2269 1027 2325 εἴγε
1050 2268 1221 2324 λέγουσιν
1241 2272 1328 2312 τάδε
1349 2273 1442 2314 πίεν-

126 2334 199 2365 τες.
233 2319 387 2360 Malim
407 2319 518 2371 ὥστε,
553 2324 672 2375 quod
693 2325 896 2378 frequens
917 2334 983 2368 est
1003 2329 1046 2368 in
1069 2329 1371 2379 conclusione,
1394 2336 1442 2371 nt.

126 2388 263 2429 supra
277 2376 378 2417 455.
399 2378 496 2418 488.
518 2379 616 2419 596.
636 2380 678 2420 N
684 2381 757 2420 ub.
779 2383 876 2422 (513.

227 2431 368 2485 VeSp.
388 2434 488 2475 566.
520 2432 602 2475 Κᾶν
633 2438 683 2487 μὴ
710 2436 851 2484 τούτοις
872 2439 1189 2494 ἀναπειθώμεσθα,
1210 2442 1260 2481 τὰ
1279 2441 1441 2496 παιδάρι’

577 2490 671 2540 εὐθὺς
690 2492 852 2534 ἀνέλκει.
