1566 2789
152 54 333 111 xxxviii
383 64 789 96 SUPPLEMENTUM
824 66 891 97 AD
924 66 1309 98 PRAEFATIONEssL

155 164 356 221 ἐπιγύαιον.
417 166 549 208 Adde
570 167 817 218 articulum,
839 174 883 210 et
901 168 1222 222 integerrimum
1244 169 1480 222 anapaesti·

157 237 259 265 eum
276 224 478 266 habebis.

275 279 372 336 Εὖγ’
389 280 662 334 ἐξεκολύμβησ’
686 280 900 334 ὁῦπιβάτης,
919 282 966 330 ὡς
987 280 1134 332 ἐξοίσων
1156 281 1320 337 ἐπίγυον.

157 336 213 379 In
235 336 344 379 Pae.
364 339 463 380 732.

268 393 347 435 '‘Hv
369 395 505 450 ἔχομεν
527 395 600 436 ὁδὸν
621 398 748 451 λόγων
769 394 939 450 εἴπωμεν,
957 397 1075 452 χῶσοι
1093 414 1133 437 τε
1149 400 1225 444 νοῦς
1245 396 1352 444 αὐτὸς
1375 395 1469 450 ἔχει,

161 450 247 504 [111]
267 453 353 502 (sic
385 454 491 495 Ald.
511 458 558 494 et
591 455 736 494 ambae
768 453 1005 505 Juntinae‚)
1032 469 1089 496 ex
1110 468 1197 495 uno
1221 454 1311 494 Ms.
1345 454 1485 494 edidit

157 503 412 551 'Brunckius
433 508 549 565 λόγον
568 514 612 551 et
631 508 710 565 ἔχει
745 526 804 564 γε.
864 510 1032 552 Verum
1062 512 1279 563 particula
1310 524 1363 552 eo
1384 511 1487 552 loco

162 566 314 619 inepta
335 581 513 621 prorsus
545 571 613 608 est
632 573 674 609 et
694 568 877 608 inutilis.
938 568 1026 608 Pro
1053 565 1170 622 χῶσοι
1202 585 1242 607 τε
1274 571 1364 616 νοῦς,
1385 581 1484 621 quae

163 624 356 664 seribere
377 637 467 665 non
489 628 662 677 poterat
682 624 874 673 Atticm,
915 626 954 665 si
983 624 1101 678 χῶσοι
1132 624 1174 678 γ’
1201 623 1217 664 ὃ
1237 628 1314 671 νοῦς
1333 625 1487 665 reseri-

163 679 260 729 bes,
283 681 369 721 alio
390 681 522 721 modo
553 694 705 721 versus
732 681 864 721 finem
892 682 1155 722 constituere
1189 694 1372 722 necesse
1392 681 1488 730 erit,

165 749 296 789 quam
315 737 418 779 fecit
438 737 703 778 Brunckius.
763 737 886 779 Alter
906 739 999 792 ejus
1016 738 1156 778 codex
1180 743 1223 779 et
1244 737 1489 778 Ravennas

164 806 245 845 pro
268 794 464 835 secunda
483 807 636 835 versus
658 797 779 847 parte
811 795 1113 835 tantummodo
1135 793 1206 834 ὅσοι
1232 811 1273 834 τε
1296 798 1372 841 νοῦς
1393 793 1487 849 ἔχει.

160 848 491 891 Gravissimum
521 851 717 905 profecto
750 851 851 892 huie
886 853 1029 892 versui
1060 852 1153 905 jam
1179 866 1204 893 a
1234 851 1384 892 multis
1407 865 1490 893 sae-

167 906 281 947 culis
302 908 462 948 vulnus
484 908 747 961 impressum
779 914 873 958 est3
911 909 1073 949 sivero
1106 910 1300 961 priorum
1334 910 1491 949 verbo-

166 975 262 1003 rum
284 965 514 1005 sanitatem
545 965 766 1014 defendes,
797 965 993 1006 ordinem
1023 967 1154 1006 modo
1188 966 1394 1016 mutabis,
1418 965 1492 1005 ὁδὸν

168 1018 209 1067 ἣν
225 1019 376 1074 ἔχομεν,
393 1025 435 1062 et
455 1022 624 1062 numeri
646 1023 810 1075 optime
833 1024 1107 1063 constabunt.

227 1077 396 1118 Verum
429 1078 513 1119 hoe
534 1092 711 1132 quoque
733 1092 874 1129 versu,
907 1084 1036 1132 prout
1068 1081 1289 1131 vulgatur,
1323 1078 1491 1128 relicto,

168 1133 299 1186 longe
321 1135 645 1177 immodulatior
666 1140 787 1176 esset
808 1137 861 1185 is,
878 1137 914 1176 si
937 1136 1025 1176 ullo
1047 1137 1179 1176 modo
1198 1137 1367 1177 tolerari
1391 1149 1492 1190 pos-

171 1196 258 1240 set,
281 1193 354 1245 qui
378 1192 603 1245 dactylum
627 1192 781 1232 Ionico
804 1206 830 1232 a
859 1193 1013 1232 minori
1034 1193 1076 1232 in
1099 1194 1182 1232 fine
1203 1194 1490 1247 praepositum

169 1246 365 1288 haberet.
425 1249 529 1289 Duo
553 1254 697 1289 tamen
727 1249 984 1302 hujusmodi
1015 1255 1209 1290 monstra
1241 1251 1410 1303 peperit
1429 1251 1492 1291 fe-

171 1305 317 1345 cunda
338 1305 606 1345 librariorum
626 1306 816 1346 inscitia.

288 1361 408 1402 Plut.
424 1362 522 1402 510.
556 1364 604 1401 Εἰ
623 1364 699 1416 ’γὰρ
721 1364 736 1400 ὁ
761 1366 926 1408 Πλοῦτος
946 1360 1101 1413 βλέψειε
1136 1362 1264 1413 πάλιν,
1305 1362 1493 1414 διανείμειέ

628 1419 662 1458 τ’
682 1417 760 1458 ’ἴσον
780 1417 920 1459 ἑαυτόν.

288 1474 377 1517 AV.
398 1475 495 1515 49].
528 1477 689 1523 Σκυτῆς,
711 1477 893 1525 βαλανῆς,
914 1477 1204 1528 ἀλφιταμοιβοὶ,
1231 1493 1494 1533 τοςνευτασπι-

632 1532 887 1588 δολυροπηγοί.

174 1587 354 1628 Irascor
381 1589 578 1630 tarditati
614 1592 801 1630 virorum
833 1591 1077 1639 doctorum,
1108 1590 1334 1643 praecipue
1371 1591 1495 1633 Kus-

173 1643 267 1694 teri,
290 1646 364 1698 qui
386 1647 428 1686 in
449 1647 536 1687 alio
558 1660 687 1687 versu
708 1647 818 1687 infra
838 1647 934 1687 583.
957 1647 1111 1687 vitium
1148 1651 1381 1698 cognatum
1405 1654 1493 1690 tam

174 1710 306 1742 acute
328 1702 488 1743 viderit
508 1709 551 1744 et
574 1704 725 1744 dextre
760 1704 996 1752 sustulerit,
1028 1699 1112 1744 hoe
1133 1705 1234 1743 loeo
1257 1705 1412 1745 vitium
1434 1707 1492 1746 le-

174 1757 408 1799 vissimum
430 1761 606 1800 omnino
629 1761 962 1813 praeterviderit.
1024 1761 1200 1801 Irascor
1235 1761 1379 1802 codici
1402 1762 1495 1803 Ra-

174 1817 367 1865 vennati,
389 1817 462 1869 qui
484 1818 616 1858 toties
652 1817 830 1870 quidem
867 1817 977 1856 alias
1015 1817 1119 1857 mihi
1152 1830 1252 1857 mea
1286 1820 1495 1873 praeripu-

177 1872 274 1921 erit,
295 1885 407 1913 nune
429 1886 532 1913 vero
564 1875 745 1914 eandem
779 1874 1028 1922 lectionem,
1064 1887 1195 1926 quam
1220 1888 1243 1915 e
1267 1875 1406 1916 Suida
1428 1890 1496 1916 me

178 1925 365 1969 Comico
396 1929 661 1971 redditurum
694 1931 920 1984 putabam,
953 1930 1229 1983 impudenter
1260 1932 1346 1971 sibi
1382 1946 1497 1974 arro-

176 1984 303 2037 garit.

299 2044 346 2081 Ei
367 2044 444 2096 γάρ
461 2043 475 2079 ὅ
495 2045 661 2089 Πλοῦτος
676 2040 830 2094 βλέψειε
849 2042 975 2091 πάλιν,
997 2041 1203 2095 διανείμειέν
1224 2043 1257 2083 τ’
1275 2042 1353 2082 ἴσον
1374 2044 1497 2085 αὐτόν.

297 2101 457 2146 Σκυτῆς,
477 2099 658 2148 βαλανῆς,
680 2099 968 2150 ἀλφιταμοιβοὶ,
984 2101 1481 2156 τορνευτολυρασπιδοπηγοί,

180 2155 352 2196 Erravit
386 2156 517 2207 igitur
537 2156 790 2205 Dawesius‚
810 2169 910 2196 cum
930 2156 974 2195 in
997 2156 1118 2196 Nub.
1147 2157 1246 2196 325.
1270 2157 1374 2210 [liii]
1396 2172 1496 2200 con-

173 2212 298 2265 jecit,

293 2269 365 2314 ‘05
386 2270 425 2307 οὐ
443 2267 599 2323 καθορῶ.
659 2269 772 2337 Hafa}
792 2270 856 2319 τὴν
887 2266 1033 2308 εἴσοδον.
1084 2270 1184 2318 ”Ηδη
1209 2272 1264 2309 νῦν
1297 2267 1408 2321 μόλις
1430 2274 1500 2328 ὁρῶ

188 2354 191 2355 ⁷
636 2341 766 2372 αυτας.

182 2381 366 2431 addens,
397 2384 426 2402 “
444 2381 613 2423 Versus
636 2382 813 2435 quidem
831 2381 895 2422 ita
917 2383 1174 2423 emendatus
1191 2395 1276 2421 non
1299 2390 1369 2426 est
1388 2385 1500 2428 inter

183 2439 375 2479 maxime
394 2451 667 2480 numerosos.
727 2438 814 2479 Sed
836 2444 901 2480 est
923 2446 1069 2479 tamen
1096 2438 1354 2490 legitimus.”
1413 2443 1503 2484 De-

184 2496 287 2538 inde
306 2495 421 2538 hane
450 2497 712 2539 sententiam
736 2495 1067 2550 quodammodo
1089 2494 1257 2548 mitigat
1287 2500 1503 2555 corrigen-
