1566 2789
105 125 179 176 30

515 129 1022 182 ΕΥΡΙΠΙΔΟΥ

182 249 237 312 ὣς
265 250 338 312 τὴν
365 254 609 308 Λάκαιναν
637 254 850 323 ξύγγονον
878 256 1144 330 Διοσκὸξοιν,

177 325 358 387 Ἑλένην
386 329 543 399 ἴδοιμι·
587 330 665 383 διοὶ
692 335 843 384 καλῶν
873 332 967 404 γὰρ
1001 333 1217 402 ὀμμάτων

183 399 421 474 αἴσχιστα
442 405 610 477 Τξοίαν
633 402 729 458 εἷλε
757 406 831 466 τὴν
859 406 1121 477 εὐδαίμονα.

330 482 416 532 Χο.
446 478 581 552 αὕξα,
608 481 787 540 ποντιὰς
815 478 949 553 αἷίξα,

399 552 484 607 οἵτε
511 554 795 627 ποντοπόξους
822 556 1025 626 κομίζεις

1174 478 1339 552 στξοφὴ
1378 480 1438 529 α’.

1357 568 1441 605 445

329 628 433 688 θοοὶς
461 630 663 689 ἀκάτους
693 630 756 681 ἐπ’
785 629 933 699 οἶδμα
966 630 1146 699 λίμνας,

400 708 481 756 ποῖ
500 727 562 773 με
591 704 672 756 τοὶν
697 702 871 772 μελέαν
897 703 1122 775 ποξεύσεις
1145 730 1158 762 ;

404 781 467 844 τῷ
495 776 753 835 δουλόσυνος
781 775 884 848 πξδς
913 774 1027 829 οἷκον

399 848 593 909 κτηθεῖσ’
614 851 845 918 ἀφίξομαι
864 878 876 908 3

399 921 424 982 ἢ
453 921 643 995 Δωξίδος
672 920 802 993 ἕξμον
830 923 952 983 αἴας,

1352 939 1437 975 450

399 994 425 1067 ἢ
453 996 660 1057 Φθιάδος,
685 994 785 1049 ’ἔνθα
811 997 982 1049 καλλί-

399 1093 508 1124 στων
537 1070 704 1123 ὑδάτων
730 1070 908 1143 πατέξα

325 1145 461 1213 φασιν
487 1142 729 1198 Ἀπιδανὸν
746 1145 865 1211 γύας
893 1145 1118 1207 λιπαίνειν,

477 1217 501 1279 ἢ
529 1221 677 1281 νάσων,
704 1221 879 1292 άλιῆξει

399 1293 531 1363 καίτοι
556 1292 845 1363 πεμπομέναν
873 1295 1108 1356 τάλαιναν,

715 1365 911 1437 ’ἔχουσαν
938 1369 1084 1430 οἷ’κοις,

323 1368 503 1440 οἷκτξοὶν
522 1368 688 1431 βιοτὰν

1145 1220 1341 1292 ἀντιστξ,
1370 1221 1432 1270 α’,

1349 1309 1403 1345 45
1409 1310 1434 1345 5

394 1440 496 1495 ἔνθα
522 1441 790 1515 πξωτόγονός
817 1466 864 1494 τε
894 1443 1043 1508 φοίνιξ,

402 1515 555 1582 δάφνα
582 1517 621 1568 θ’
653 1513 787 1588 ἱεροὺς
808 1515 975 1587 ἀνέσχε

397 1590 607 1662 πτόρθους
629 1594 788 1642 Λατοῖ
803 1591 925 1658 φίλα

398 1663 539 1725 ὠδῖνος
566 1663 784 1734 ἄγαλμα
811 1665 929 1724 Δίας
952 1691 965 1723 3

140 1795 217 1827 443.
238 1793 309 1836 πρὶν
330 1804 386 1836 pro
404 1794 465 1833 τὴν
488 1795 530 1827 G.
549 1795 657 1837 Mosq.
671 1798 700 1827 1.
712 1795 745 1826 in

100 1842 198 1874 textu,
223 1837 262 1871 E.
284 1838 318 1868 in
337 1839 490 1880 margine.
533 1839 595 1870 Sed
608 1838 668 1877 τὴν
680 1839 745 1869 Eu-

99 1882 194 1913 stath.
210 1880 251 1912 ad
266 1880 306 1912 ΙΙ.
320 1885 355 1912 Β.
368 1891 401 1922 p.
415 1885 491 1914 206.
506 1885 524 1914 5
535 1896 576 1909 =
588 1885 660 1914 156.
676 1885 706 1913 8.

141 1926 219 1957 444.
240 1922 317 1964 αὖρα
331 1924 406 1956 edd.
421 1924 485 1955 fere
498 1935 617 1956 omnes.
641 1924 745 1955 Recte

99 1967 234 1998 mutavit
257 1972 421 1999 accentum
445 1967 594 2009 Kingius,
610 1978 679 1998 cum
696 1978 744 1998 se-

98 2010 202 2040 cunda
225 2009 320 2050 hujus
340 2011 426 2042 vocis
451 2013 650 2050 producatur.
672 2010 744 2041 Ari-

99 2053 202 2093 stoph.
218 2052 302 2083 Ran-
313 2055 388 2085 317.
410 2054 495 2094 Αὔρα
502 2066 550 2086 τις
565 2053 745 2086 εἰσέπνευσε

98 2094 331 2134 μυστικωτάτη·
381 2107 474 2138 quem
518 2097 622 2129 locum
667 2097 745 2127 citat

98 2138 300 2170 Scholiastes.
344 2139 492 2180 Tragicus
513 2141 597 2181 apud
620 2139 744 2170 Tatian.

100 2191 132 2222 p.
149 2183 204 2213 35.
229 2182 314 2223 Αὔρα
328 2184 406 2214 θεῶν
423 2182 530 2222 ὄχημα
544 2182 743 2223 τιμιώτατον.

99 2224 269 2255 Sosicrates
300 2226 385 2266 apud
416 2225 604 2257 Athenaeum
640 2226 679 2256 xi,
711 2236 743 2266 p.

99 2269 177 2298 474.
191 2267 232 2298 Β.
259 2267 343 2309 Αὔρα
364 2268 440 2310 κόρη
452 2269 621 2310 Σκείρωνος
634 2267 746 2309 ἡσύχῳ

99 2309 182 2341 ποδί.

142 2355 219 2385 445.
235 2351 327 2387 ”Ατις
340 2354 484 2387 invexere
500 2355 639 2399 quidam,
653 2353 746 2385 nimis

100 2394 140 2427 de
156 2401 255 2428 metro
271 2397 408 2430 solliciti.

142 2442 220 2472 447.
242 2440 396 2473 τάλαιναν
410 2442 492 2472 Mss.
505 2440 646 2483 quidam,
661 2444 744 2472 certe

100 2478 144 2512 N.
157 2487 191 2513 et
205 2492 262 2524 pro
277 2494 342 2516 var.
359 2485 431 2517 lect.
447 2485 498 2516 M.

143 2528 220 2558 451.
242 2526 359 2568 Vulgo,
373 2527 445 2559 ἔνθα
457 2527 513 2559 τὸν
528 2538 558 2558 κ.
588 2527 656 2559 Alii
670 2530 745 2561 τῶν.

101 2567 278 2610 Utrumque
315 2570 428 2602 delevi.
494 2569 586 2611 Saepe
622 2571 745 2603 articuli

103 2611 191 2642 nullo
201 2611 273 2651 jure
285 2613 319 2641 in
335 2614 444 2643 choros
454 2613 604 2644 invasere.

147 2656 222 2687 453.
243 2653 301 2688 τὰς
316 2655 395 2694 γύας
408 2656 457 2688 vel
472 2655 563 2696 ’γυίοις
588 2655 652 2690 alii.
678 2655 744 2688 Re-

1345 1680 1431 1716 460

789 1796 936 1827 duxeram
955 1796 1055 1832 πεδία,
1071 1796 1154 1838 quod
1167 1795 1307 1837 plerique
1317 1795 1434 1827 habent,

789 1839 870 1871 Mss.
917 1841 1011 1877 Quod
1034 1840 1074 1870 ad
1092 1844 1220 1870 metrum
1236 1839 1356 1874 attinet,
1372 1840 1432 1870 hoc

789 1893 883 1913 unum
898 1888 1065 1918 memento,
1080 1881 1218 1923 χρυσέαν
1230 1892 1259 1911 v.
1274 1884 1351 1913 463.
1365 1892 1434 1912 esse

789 1925 980 1967 disyllabon.
1025 1925 1118 1956 Nunc
1135 1924 1275 1956 contraxi
1299 1929 1434 1965 quatuor

788 1979 893 1999 versus
907 1969 941 1999 in
957 1969 1019 1999 duo
1034 1968 1326 2010 hendecasyllabo&
1336 1972 1368 1997 et
1377 1968 1431 1998 de-

788 2011 849 2042 levi
864 2010 932 2043 τάς.

831 2057 907 2086 454.
930 2054 1042 2086 νάσων.
1066 2054 1118 2085 Sic
1132 2053 1270 2094 postulat
1280 2057 1408 2083 metrum
1423 2064 1432 2089 ;

787 2097 830 2127 sic
847 2099 964 2128 habent
984 2098 1026 2128 N.
1053 2097 1125 2129 Lib.
1153 2097 1192 2128 P.
1217 2102 1249 2127 et
1271 2097 1398 2126 membr.
1415 2105 1433 2125 a

787 2150 829 2173 m.
846 2151 891 2181 pr.
938 2140 1003 2170 Alii
1019 2141 1127 2171 νᾶσον.

830 2187 905 2215 459.
928 2183 1084 2225 Πτόρθους
1106 2182 1205 2213 Λατοῖ
1225 2181 1316 2223 φίλᾳ.
1361 2180 1432 2212 Hoc

787 2226 895 2257 ordine.
908 2236 1026 2262 omnes,
1050 2230 1138 2267 puto,
1163 2225 1243 2256 Mss.
1269 2230 1301 2255 et
1325 2234 1433 2255 omnes

789 2275 861 2300 ante
884 2270 1080 2301 Brunckium
1098 2267 1263 2299 editiones.
1307 2267 1351 2303 Is,
1368 2267 1430 2298 lec-

789 2316 855 2343 tore
870 2313 986 2348 celato,
998 2318 1032 2343 ut
1043 2312 1148 2342 facere
1163 2310 1253 2347 solet,
1268 2320 1339 2341 cum
1356 2309 1431 2339 alie-

788 2366 846 2385 nas
868 2356 1060 2396 conjecturas
1076 2355 1215 2394 adoptat,
1236 2363 1276 2383 ex
1301 2351 1432 2383 Heathii

788 2398 1011 2429 emendatione
1026 2397 1127 2429 edidit
1139 2396 1239 2428 Λατοῖ
1247 2394 1327 2437 φίλᾳ
1337 2394 1431 2436 πτόρ-

788 2443 868 2473 θους.
892 2441 1016 2472 Olivam
1027 2440 1116 2472 addit
1128 2439 1198 2481 Iph.
1209 2438 1245 2469 T.
1256 2442 1351 2471 1108.
1368 2447 1432 2469 non

787 2484 858 2514 Ion.
873 2488 948 2516 937.

832 2526 924 2567 [460.
948 2526 1034 2559 Δίας.
1059 2524 1114 2558 Al.
1136 2523 1307 2556 minuscula
1327 2523 1431 2554 littera

787 2569 863 2605 δίας,
888 2570 973 2611 quod
1000 2569 1100 2599 minus
1123 2568 1247 2609 placet3
1277 2571 1325 2598 est
1346 2566 1429 2597 enim

787 2614 818 2643 h.
835 2613 855 2643 1.
869 2614 994 2656 propria
1009 2611 1234 2653 significatione
1251 2613 1261 2628 ‘
1271 2608 1429 2641 Jovialis.'

788 2655 891 2687 Etiam
927 2656 960 2688 in
997 2654 1144 2697 AEschyli
1188 2652 1294 2685 Prom.
1331 2654 1427 2684 1085.
