1566 2789
160 59 246 100 106

156 184 261 216 ὁποῖος
275 193 315 214 an
330 182 515 224 simpliciter
528 182 700 224 interroget
715 184 778 213 892

155 227 252 259 ὁπότε
268 233 299 257 et
314 227 367 258 ὅτε
383 226 514 257 confusa
529 228 612 258 1056

153 273 214 313 ὁρᾷ
217 284 243 302 ν.
260 269 374 311 ἑόρακα
389 273 472 301 1367

154 327 187 346 ος
200 320 233 345 et
248 326 267 345 α
282 314 412 345 confusa
427 315 491 344 636

155 358 199 394 ὃς,
215 357 245 395 ἣ.
262 356 288 388 ὅ.
327 357 404 387 Post
421 355 605 396 pronomina
621 356 800 397 posses=iva

199 404 274 432 368.
300 400 317 431 δ
340 411 396 440 pro
421 399 456 430 δι’
470 399 487 429 ἢ
503 402 576 430 270.
601 399 634 430 ὅς
649 411 698 438 τε,
714 399 747 431 ὅς
761 410 800 438 ’γε

200 447 295 476 1597.
319 443 439 482 ὒν-μ’,
454 442 492 479 ἣν
504 441 641 480 -τῆνδε
666 446 761 474 1613.
784 443 801 473 ἳ)

200 492 233 518 et
247 484 272 526 ᾧ
285 487 415 517 confusa
434 489 505 517 156.
527 485 564 516 δν
576 492 608 517 et
621 486 656 516 οὐ
672 486 802 517 confusa

155 573 211 605 ὅτε
226 579 259 604 et
274 572 370 604 ὁπότε
387 572 517 603 confusa
534 574 618 603 1052

159 617 208 648 ὅτι
221 622 254 647 et
267 616 301 648 τί
314 616 444 647 confusa
459 618 544 647 1318

157 659 262 691 ὀτοτοὶ
277 659 486 694 scribendum,
498 668 562 689 non
573 656 805 700 &T‘ro0r021052

202 706 287 734 1546

157 745 297 786 ὀτοτύζω
322 745 535 782 scribendum,
567 755 631 776 non
647 742 804 784 ὀττοτύζω

159 832 196 863 οὒ
217 842 272 873 pro
295 831 331 863 οὗ
351 832 396 871 μὰ
411 834 506 862 1020.
529 831 564 862 οὐ
580 836 613 861 et
625 831 661 862 ὃν
675 831 805 862 confusa

204 879 300 907 1613.
318 875 353 906 οὐ
368 881 401 905 et
417 874 489 914 οὐχὶ
505 875 636 905 confusa
652 877 715 906 504

159 917 260 951 οὖδας.
288 917 400 950 τοῦδας
424 918 520 948 erasis
542 928 668 959 prorsus
697 918 805 958 ignota

157 1004 241 1046 οὒδὲ,
257 1005 329 1036 οὔτε
346 1007 420 1036 905.
443 1004 513 1036 οὐδὲ
529 1003 570 1035 ad
584 1003 806 1036 antecedentia

199 1047 401 1079 referendum
417 1051 500 1079 1640

158 1093 273 1124 οὔποτε
289 1100 320 1122 et
334 1091 454 1130 μήποτε
471 1091 594 1122 diversa
610 1093 674 1122 586

157 1137 242 1171 οὔτε,
268 1133 338 1167 οὐδὲ
354 1138 428 1166 905.
453 1135 525 1166 οὔτε
543 1140 574 1165 et
594 1136 662 1166 οὔτι
676 1134 806 1166 confusa

158 1222 226 1253 οὔτι
241 1224 316 1254 354.
328 1221 396 1253 οὕτι
412 1226 444 1252 ct
458 1221 543 1253 οὔτοι
556 1222 684 1252 confusa
696 1223 761 1254 462

158 1266 245 1296 οὔτοι
257 1270 290 1295 et
305 1266 372 1296 οὔτι
387 1264 517 1295 confusa
531 1269 595 1297 462

156 1306 259 1340 οὗτος.
289 1309 385 1339 τοῦτο
416 1315 448 1338 et
474 1307 548 1339 τόδε
577 1307 706 1338 confusa
731 1310 807 1340 537.

200 1352 303 1382 ταῦτα
318 1356 350 1382 et
363 1350 439 1382 τάδε
454 1351 585 1382 confusa
598 1354 674 1384 491.
692 1353 775 1383 1597

158 1394 239 1425 οὕτω
253 1405 325 1425 cum
337 1394 474 1435 genitivo
490 1396 552 1425 372

158 1437 232 1476 οὐχὶ
248 1442 280 1467 ct
295 1438 330 1468 οὐ
345 1437 474 1467 confusa
489 1440 553 1469 504

158 1479 240 1520 ὄφρα
255 1485 327 1520 post
341 1480 435 1509 verba
448 1480 597 1509 manendi
613 1482 654 1511 89

160 1522 263 1563 ὄχλος
276 1528 310 1553 et
325 1521 417 1562 ἔχθος
432 1523 562 1553 confusa
577 1524 640 1554 893

463 1651 503 1677 Π.

158 1745 194 1771 π,
217 1744 258 1768 ιτ,
284 1744 316 1763 τι
343 1736 494 1772 perpetuo
518 1731 648 1762 confusa
670 1736 723 1763 aut
737 1741 756 1762 a
771 1741 805 1762 se

201 1776 337 1806 invicem
369 1774 492 1814 perdita
522 1777 618 1806 1277.
653 1787 676 1806 π
713 1779 745 1805 et
774 1787 806 1806 τι

203 1818 334 1849 confusa
351 1820 433 1848 1638

160 1857 359 1900 παιδαγωγὸς
376 1862 459 1891 1728

160 1907 233 1936 παῖς
258 1912 291 1935 et
313 1903 431 1945 βρέφος
453 1913 478 1933 s.
501 1901 592 1934 τέκος
612 1902 726 1943 juncta
753 1906 806 1936 22.

203 1948 276 1979 παῖς
302 1952 335 1977 et
356 1946 467 1976 τέκνον
489 1947 622 1976 confusa
643 1950 697 1978 22.
713 1950 808 1979 1443.

203 1989 293 2022 παισὶ
309 1994 341 2020 et
353 1991 431 2020 πᾶσι
446 1990 577 2019 confusa
595 1993 676 2021 1583

161 2033 356 2072 παλαιγενὴς
371 2042 428 2073 pro
442 2032 576 2064 παλαιὸς
593 2035 655 2063 352

159 2075 372 2115 παλαιογενὴς
389 2086 443 2116 pro
458 2075 592 2106 παλαιὸς
608 2078 672 2106 352

158 2119 256 2152 πάλιν
271 2126 304 2149 et
317 2118 412 2149 πόλιν
425 2119 556 2149 confusa
572 2121 654 2150 1245

159 2163 320 2202 πανταχῆ,
336 2162 502 2200 πανταχοῦ
516 2164 580 2193 272

160 2205 325 2245 πανταχοῦ
341 2204 388 2235 ἀεὶ
406 2207 489 2235 1422

158 2248 341 2287 πάντολμος
357 2251 441 2279 1622

160 2292 244 2333 παρὰ
259 2296 291 2322 et
301 2290 370 2331 περὶ
382 2291 513 2321 confusa
529 2292 591 2323 893

159 2334 380 2376 παράβακτρος
396 2336 478 2365 1564

159 2378 361 2419 παραλαβὼν,
376 2376 399 2407 i.
415 2387 445 2417 q.
461 2375 522 2414 ἅμα
537 2379 601 2407 782

161 2419 351 2462 παραφέρειν
385 2425 418 2450 et
452 2418 640 2461 προσφέρειν
676 2419 808 2451 confusa

162 2509 325 2547 παρεῖσθαι
341 2507 405 2537 866

159 2550 284 2590 πάροιθε
300 2551 374 2580 845.
391 2550 473 2579 1525

161 2594 258 2634 πάρος
273 2595 337 2625 310

160 2638 236 2668 πᾶσι
251 2641 284 2667 et
297 2633 386 2667 παισὶ
402 2634 532 2666 confusa
549 2637 631 2665 1583

605 70 776 103 INDEX
814 70 1062 103 GRAECUS.

846 180 949 221 πατὴρ
974 181 1043 212 sine
1069 182 1202 213 articulo
1224 186 1299 215 624.
1322 182 1438 225 πατρὸς
1461 188 1493 213 et

888 224 962 264 πρὸς
987 225 1117 256 confusa
1139 229 1214 258 637.
1236 226 1335 266 πάτερ
1347 232 1380 257 et
1395 227 1494 267 μᾶτερ

891 267 975 297 conf.
992 271 1075 300 1523

845 308 950 349 πάτρα
966 316 997 341 et
1009 310 1118 351 πατρὶς
1132 312 1215 343 conf.
1230 316 1305 344 616.
1323 315 1420 344 1016.
1433 311 1493 344 πά·

887 365 947 393 τρα
963 359 996 384 et
1010 354 1100 386 πόλις
1116 356 1200 386 conf.
1215 359 1279 388 579

845 396 965 437 πατρίς,
978 396 1071 429 πόλις
1085 398 1196 439 πατρὶς
1212 409 1251 429 an
1264 399 1387 429 dicatur
1396 400 1492 430 1644.

887 439 998 480 πατρὶς
1013 448 1046 471 et
1060 440 1163 482 πάτρα
1175 442 1304 473 confusa
1317 444 1393 473 616.
1411 444 1494 472 1016

846 482 954 514 πεδίον
970 490 1001 514 et
1015 483 1110 515 πέδον
1125 486 1253 516 confusa
1268 488 1331 516 850

848 525 944 558 πέδον
966 533 999 557 et
1024 528 1129 559 πεδίον
1158 529 1290 559 confusa
1316 530 1391 559 850.
1413 527 1497 567 πέδῳ

891 575 925 600 et
940 571 1038 602 θανὼν
1053 571 1136 602 conf.
1152 574 1234 603 1701

849 612 975 644 πείθειν.
999 614 1161 654 ἐπειθόμην
1175 620 1210 645 et
1225 613 1373 654 ἐπιθόμην
1388 614 1497 645 confu-

894 667 930 687 sa
947 660 1027 688 1661

848 699 973 740 πέρθειν
987 705 1020 730 et
1033 702 1158 741 πορθεῖν
1172 700 1256 731 conf.
1270 702 1334 731 498

848 742 917 783 περὶ
944 748 1016 773 ante
1043 745 1218 784 genitivum
1243 742 1498 775 subaudiendum

894 789 989 817 1362.
1004 786 1074 828 περὶ
1090 792 1123 818 et
1136 787 1220 829 παρὰ
1233 787 1366 819 confusa
1380 789 1445 819 893

848 828 1094 870 περιβλέπεσθαι
1106 834 1168 862 561

847 872 1029 913 περίῤῥυτος
1046 874 1146 904 active
1161 884 1232 905 cum
1248 872 1389 914 genitivo
1404 875 1469 905 216

848 916 963 955 περόνη
978 916 1169 956 χρυσόδετος
1183 920 1236 948 26.
1249 920 1291 947 60

849 960 898 1001 πῇ
911 964 944 989 et
958 961 1015 990 ποῖ
1027 961 1109 991 conf.
1125 962 1201 992 994.
1232 957 1346 999 [Conf.
1367 962 1434 990 not.
1457 958 1497 989 ad

893 1001 985 1033 Med.
1001 1006 1096 1035 1268.
1122 1004 1164 1034 G.
1181 1003 1227 1034 H.
1244 1003 1298 1044 S.]

849 1046 938 1084 πηγὴ
954 1047 993 1076 de
1009 1046 1158 1088 lacrymis
1173 1049 1235 1077 381

848 1088 956 1129 πικρὸς
971 1094 1004 1119 et
1019 1088 1129 1131 ἐχθρὸς
1144 1089 1227 1121 conf.
1240 1090 1305 1120 970

848 1130 1005 1170 πίμπλημι
1020 1135 1084 1164 532

848 1176 969 1211 πλεῖον,
979 1175 1079 1207 πλέον
1090 1178 1165 1208 549.
1176 1173 1288 1207 πλεῖον
1297 1178 1330 1206 et
1343 1174 1495 1207 πλεῖστον

891 1218 1023 1249 confusa
1039 1221 1103 1250 612

848 1260 966 1292 πλείων
981 1265 1063 1294 1403

849 1303 1015 1344 πλεονεξία
1030 1311 1064 1336 et
1078 1304 1244 1345 φιλοτιμία
1258 1303 1389 1336 confusa
1403 1304 1468 1336 542

849 1347 969 1388 πλευρὰ
983 1354 1017 1378 et
1030 1348 1165 1389 πλευρὸν
1180 1348 1264 1380 conf.
1281 1350 1368 1380 1429

848 1390 955 1422 πλέων
968 1394 1051 1422 1403

849 1433 990 1473 ποδαγὸς
1006 1437 1089 1466 1728

850 1476 1036 1516 mamm-ybs
1052 1481 1136 1509 1728

849 1521 908 1551 ποῖ
920 1526 953 1550 et
966 1521 1010 1562 πῇ
1025 1521 1107 1552 cons.
1122 1522 1198 1552 994.
1221 1520 1279 1551 ποῖ
1290 1523 1322 1550 et
1335 1518 1398 1551 ποῦ
1412 1517 1496 1550 conf.

895 1566 970 1594 157.
982 1567 1044 1595 991

850 1607 948 1638 ποῖος.
976 1606 992 1636 ὃ
1016 1606 1105 1638 ποῖος
1133 1608 1208 1637 892.
1230 1608 1326 1638 1718.
1353 1603 1445 1637 ποῖόν
1467 1616 1499 1636 τι

893 1650 978 1680 τοῦτ’
995 1652 1071 1680 428.
1084 1648 1126 1680 τὰ
1140 1650 1214 1680 ποΐα
1229 1652 1293 1681 719

851 1690 954 1723 πόλις.
968 1691 1100 1728 πόλεως,
1112 1691 1227 1724 πόλεος
1238 1695 1313 1724 221.
1327 1693 1423 1723 1056.
1437 1690 1495 1722 πό-

895 1740 957 1771 λις,
983 1734 1059 1766 πόλι
1085 1738 1160 1766 898.
1184 1734 1276 1767 πόλις
1292 1741 1323 1766 et
1337 1733 1406 1771 βίος
1420 1744 1496 1764 eon-

892 1778 962 1808 fusa
978 1781 1073 1809 1003.
1088 1777 1180 1809 πόλις
1193 1783 1226 1808 et
1240 1777 1357 1809 κύκλος
1368 1777 1498 1808 confusa

894 1823 969 1852 760.
992 1820 1083 1852 πόλις
1105 1825 1138 1851 et
1159 1819 1261 1862 πάτρα
1276 1820 1407 1852 confusa
1422 1822 1498 1852 579.

893 1862 989 1894 πόλιν
1003 1869 1036 1894 et
1049 1862 1146 1895 πάλιν
1160 1865 1243 1895 conf.
1260 1866 1343 1895 1215

849 1908 975 1946 πορθεῖν
990 1912 1021 1937 et
1035 1906 1156 1947 πέρθειν
1170 1907 1253 1938 conf.
1269 1908 1333 1938 498

850 1948 952 1990 πόρπη
966 1949 1169 1991 χρυσήλατος
1184 1953 1237 1982 60.
1254 1950 1293 1982 V.
1309 1948 1421 1990 περόνη

852 1992 1063 2029 Ποσειδάνιος,
1078 1993 1282 2024 Ποσειδώνιος
1299 1996 1360 2024 195

851 2034 980 2074 πότμος.
1002 2036 1053 2067 De
1069 2036 1243 2076 quantitate
1258 2037 1290 2068 h.
1304 2047 1335 2066 v.
1354 2037 1436 2067 1367

852 2079 912 2110 ποῦ
927 2084 960 2109 et
974 2080 1019 2121 πῇ
1041 2079 1123 2110 conf.
1137 2082 1212 2112 994.
1234 2079 1294 2111 ποῦ
1306 2083 1339 2109 et
1351 2079 1408 2110 ποῖ
1419 2087 1494 2109 con-

895 2122 966 2152 fusa
983 2125 1056 2153 157.
1072 2125 1134 2153 991

851 2164 1011 2197 πουλύπος
1025 2167 1119 2196 Υποθ.

851 2206 1014 2247 πράσσειν.
1031 2206 1066 2238 εὖ
1080 2208 1204 2249 πρᾶσσε
1218 2210 1283 2240 412

850 2251 972 2292 πρᾶτον
991 2254 1071 2282 1540

851 2292 910 2334 πρὸ
926 2299 959 2324 et
972 2293 1049 2335 πρὸς
1064 2293 1194 2324 confusa
1208 2295 1292 2324 1499

850 2335 1000 2376 πρόδομος
1016 2342 1048 2367 et
1061 2335 1229 2376 πρόδρομος
1244 2335 1374 2366 confusa
1390 2337 1452 2366 303

851 2378 1020 2419 πρόδρομος
1035 2384 1068 2409 et
1080 2378 1231 2420 πρόδομος
1246 2379 1375 2409 confusa
1390 2380 1453 2410 303

852 2423 1008 2462 Προιτίδες
1023 2422 1120 2453 πύλαι
1136 2425 1219 2453 1150

852 2464 1015 2504 πρόμαχος
1029 2471 1062 2495 et
1076 2465 1190 2505 πρόμος
1206 2464 1286 2495 cons.
1306 2466 1390 2494 1259

852 2507 967 2547 πρόμος
981 2514 1014 2538 et
1026 2507 1187 2549 πρόμαχος
1203 2507 1286 2537 conf.
1303 2509 1387 2537 1259

851 2550 1034 2591 προπάροιθε
1070 2561 1109 2581 an
1137 2549 1282 2591 Euripidi
1315 2554 1499 2589 usurpatum

896 2597 970 2626 8-18.
994 2594 1085 2625 Conf.
1104 2595 1186 2625 1525

852 2636 936 2676 πρός.
968 2637 1018 2669 καὶ
1045 2636 1120 2677 πρός
1147 2647 1199 2678 γε,
1227 2640 1289 2667 etc.
1318 2637 1392 2666 619.
1420 2633 1496 2676 πρὸς
