1565 2834
535 76 708 108 INDEX
747 74 991 108 GRAECUS.

133 186 234 217 forma
244 185 343 216 futuri
358 189 433 219 929.
446 188 540 218 1599.
564 187 688 218 κτανεῖν
702 190 735 217 et'

134 230 237 260 θανεῖν
265 229 398 260 confusa
423 232 520 261 1627.
545 229 678 262 κτείνειν
703 235 736 260 et

133 271 250 304 καίνειν
263 273 393 303 confusa
408 275 504 308 1299.

93 316 220 347 κτυπεῖν
232 320 266 346 et
280 317 393 356 ψοφεῖν
407 316 540 347 confusa
555 319 615 348 141

92 360 220 389 κυκλεῖν
236 364 269 389 et
290 360 426 390 κυκλοῦν
449 362 524 391 624.
560 361 689 392 κυκλεῖν
706 364 738 390 et

135 403 232 433 κινεῖν
246 402 378 433 confusa
388 405 463 434 624.

91 443 208 476 κύκλος
223 445 364 476 ἐνιαυτοῦ
380 448 461 477 1661

93 487 304 524 Κυκλώπειος,
315 506 358 511 -—-
372 500 416 520 ιος
431 491 494 520 954

92 529 266 569 κυναγέτης
280 535 323 563 26

93 574 227 614 κυναγὸς
243 574 362 605 Atticis
374 579 557 616 usurpatum
573 577 614 607 26

95 617 269 656 κυνηγέτης
284 620 326 649 26

94 660 228 700 κυνηγὸς
243 664 285 692 26

94 704 175 735 κύων
186 708 219 734 et
225 702 300 743 κόρη
317 704 448 735 confusa
458 706 520 735 605

94 746 198 786 κωφὸς
226 747 311 787 apud
340 748 486 789 antiquos
517 751 571 777 aut
595 752 604 765 ‘
615 746 739 777 surdus’

139 795 193 820 aut
228 791 364 820 ‘mutus'
391 796 483 821 sonat
504 793 600 823 1279.
635 790 740 831 κωφὸν

143 832 240 868 βέλος
256 836 340 866 1279

405 972 429 998 Λ

97 1049 258 1090 λάξεσθαι,
274 1050 426 1090 λάζυσθαι
440 1054 502 1083 743

98 1093 219 1133 λαιμός.
262 1095 438 1135 Singularis
463 1099 497 1125 et
511 1095 642 1136 pluralis
665 1096 697 1126 h.
713 1106 741 1127 v.

142 1138 267 1168 confusi
285 1141 366 1170 1477

98 1179 282 1219 λαμβάνειν.
328 1181 486 1218 λαβέσθαι
501 1185 574 1214 141.
618 1181 742 1220 λαμβά-

139 1235 203 1254 νειν
217 1223 249 1255 τί
261 1236 346 1256 τινος
359 1228 432 1256 495.
469 1224 643 1264 λαμβάνειν
657 1226 745 1263 δίκην

140 1270 219 1298 606.
261 1267 356 1304 λάβε,
374 1267 455 1304 λαβὲ
472 1272 532 1300 113

99 1308 217 1349 λέγειν.
233 1310 285 1342 ἵνα
296 1311 499 1350 λέγονται-
512 1311 585 1354 (ubi
606 1317 679 1341 sunt
691 1311 745 1352 qui

142 1353 292 1385 dicuntur
300 1356 438 1394 —)325.
451 1355 560 1395 λέγειν
571 1360 604 1387 et
616 1354 747 1393 μέλλειν

141 1397 274 1428 confusa
296 1401 391 1429 1180.
437 1397 475 1429 αὖ
500 1397 608 1438 λέγειν
630 1403 664 1428 et
686 1399 743 1437 ἆγ-

142 1439 276 1478 γέλλειν
289 1441 421 1472 confusa
432 1445 496 1473 780

100 1483 217 1514 λεπτὸς
234 1487 307 1515 140.
352 1484 469 1516 λεπτὸς
489 1490 522 1516 et
545 1483 657 1516 λευκὸς
669 1495 744 1515 con-

142 1526 213 1556 fusa
229 1530 290 1558 140

101 1569 212 1601 λευκὸς
228 1573 301 1601 140.
346 1571 458 1603 λευκὸς
481 1577 513 1601 et
536 1570 652 1603 λεπτὸς
666 1581 745 1602 con-

145 1612 216 1643 fusa
234 1616 294 1645 140

101 1654 261 1697 λεύσσειν,
277 1656 404 1688 λεύσειν
418 1661 482 1689 966

102 1698 189 1730 λίθος
205 1698 348 1740 διάπυρος
362 1703 424 1732 971

104 1741 270 1774 λίσσεσθαι
287 1743 392 1785 [πρὸς]
408 1744 491 1775 τινὸς
505 1747 580 1776 663.
604 1744 658 1775 De
673 1754 749 1775 con-

147 1786 322 1816 structione
339 1788 369 1817 h.
387 1798 414 1817 v.
430 1790 492 1818 (363

102 1827 199 1866 λόγος
221 1832 296 1860 485.
318 1829 417 1868 λόγον
431 1830 545 1862 διδόναι
560 1833 635 1862 837.
658 1829 755 1869 λόγος

108 1886 111 1887 ’
146 1877 180 1902 et
205 1871 281 1910 γόος
306 1873 438 1904 confusa
454 1877 549 1905 1020.
600 1873 698 1912 λόγος
725 1878 757 1903 et

148 1914 249 1953 φόβος
273 1916 402 1946 confusa
426 1919 502 1947 542.
540 1917 711 1957 Singularis
725 1922 758 1946 et

151 1957 283 1997 pluralis
299 1960 330 1988 h.
344 1970 374 1989 V.
391 1960 514 1989 confusi
533 1963 593 1990 154

107 2000 250 2039 λοχαγὸς
266 2001 381 2032 Atticis
396 2008 581 2043 usurpatum
598 2006 638 2034 26

106 2043 250 2083 λοχηγὸς
262 2048 304 2076 26

106 2259 214 2297 μαινὰς
226 2262 287 2291 221

107 2302 222 2340 μανιᾶς
230 2305 304 2334 221.
320 2305 383 2335 264

108 2345 206 2383 μεθέω
221 2356 279 2386 pro
290 2346 415 2386 μεθίημι
435 2345 552 2376 Atticis
575 2355 638 2376 non
663 2356 752 2378 usur-

153 2393 262 2427 patum
276 2392 336 2421 141

107 2430 269 2468 μεθίεσθαι
285 2434 345 2463 141

107 2473 190 2512 μέλη
205 2480 238 2505 et
253 2474 347 2513 δέμας
361 2473 491 2505 confusa
504 2476 567 2505 222

108 2516 250 2554 μέλλειν.
295 2518 348 2548 De
377 2522 545 2558 augmento
564 2517 600 2553 h.
624 2528 652 2548 v.
679 2521 754 2551 286.

126 2588 128 2590 ,
153 2560 236 2591 Cum
258 2561 439 2592 accusativo
459 2562 554 2591 1180.
599 2561 682 2592 Cum
707 2562 755 2592 in-

154 2603 275 2635 finitivo
287 2614 351 2635 aor.
363 2607 437 2636 929.
459 2602 591 2642 μέλλειν
604 2610 637 2635 et
651 2604 759 2644 λέγειν

1338 64 1424 106 107

820 184 952 216 confusa
972 188 1052 217 1180

776 227 953 269 μέμφεσθαι
968 230 1032 259 279

776 271 843 311 μὲν,
860 281 922 301 non
940 276 1093 311 sequente
1108 271 1140 303 δὲ
1156 275 1175 304 8

779 313 957 351 Μενέλαος,
975 314 1146 346 Μενέλεως
1160 318 1214 346 20.
1232 319 1315 350 1194

777 357 943 398 μεταβολὴ
959 358 1073 396 γλυκὺ,
1089 364 1150 390 etc.
1165 361 1228 390 228

778 401 923 442 μέτασχε
942 404 1024 433 1330

779 443 974 485 μετατιθέναι
989 454 1016 474 c.
1031 444 1147 476 infinit.
1164 448 1259 478 1662.
1296 453 1425 486 μετατί-

824 490 929 518 θεσθαι
943 486 1068 519 λύσσαν
1081 491 1144 519 21&

780 530 834 571 μή.
850 531 893 570 μὴ
911 530 946 561 οὐ
961 533 1035 562 766.
1078 532 1121 570 μὴ
1137 532 1172 562 οὐ
1194 543 1252 573 per
1274 535 1376 565 crasin
1392 535 1426 565 in

825 584 921 604 unam
950 574 1101 615 syllabam
1136 577 1314 608 coalescens
1352 581 1410 609 591
1420 602 1428 608 ,

824 618 866 656 μῆ
883 617 1086 658 61'1-anper
1110 620 1211 649 crasin
1234 620 1298 650 sive
1319 621 1427 651 elisio-

825 671 900 690 nem
920 660 954 690 in
978 670 1074 691 unam
1095 662 1249 703 syllabam
1271 665 1430 695 coalescat

825 707 901 734 591.
946 702 989 742 μὴ
1005 708 1037 734 et
1051 704 1087 735 οὗ
1103 706 1232 736 confusa
1250 709 1332 738 1172

780 745 858 786 μηδὲ
873 752 905 777 et
918 746 998 787 μήτε
1011 748 1140 779 confusa
1157 752 1220 781 788

781 789 909 829 μηνύειν
935 790 1092 832 (deferre)
1122 797 1196 825 375.
1240 792 1364 832 μηνύειν
1396 800 1429 823 et

826 832 988 872 σημαίνειν
998 834 1128 867 confusa
1143 840 1205 869 375

783 874 885 916 μήπω,
901 876 1023 916 μήποτε
1038 882 1100 910 285

785 919 864 958 μήτε
881 926 912 950 et
926 919 1004 959 μηδὲ
1019 922 1150 952 confusa
1165 925 1228 954 788

785 966 1002 1003 μητροκτονῶν
1015 967 1057 995 45

785 1006 993 1047 μητρόκτονος
1008 1009 1070 1038 823

784 1051 1003 1090 μητροφόντης
1018 1053 1080 1082 473

786 1092 918 1132 μιαίνειν
933 1104 1027 1124 sensu
1042 1094 1122 1124 bono
1138 1097 1201 1126 909

786 1138 888 1175 μῖσος.
902 1136 940 1167 τὸ
954 1136 1063 1178 Τροίας
1077 1138 1167 1176 μῖσος
1189 1139 1316 1180 (odium
1339 1151 1432 1184 prop-

832 1185 877 1210 ter
891 1180 1014 1221 Trojam
1029 1181 1156 1221 natum)
1173 1185 1237 1213 426

786 1224 903 1262 μνῆμα,
933 1222 1084 1264 quicquid
1109 1232 1252 1256 mortuos
1275 1227 1356 1268 tegit
1382 1231 1433 1259 vel

830 1271 920 1297 ornat
935 1269 1017 1298 1051

788 1308 900 1351 μύδρος
915 1312 975 1342 971

1092 1449 1131 1476 Ν.

791 1538 808 1557 ν
819 1527 999 1568 paragogici
1009 1526 1146 1558 rationes
1157 1530 1296 1561 metricae
1307 1534 1349 1563 64

791 1581 809 1600 ν
822 1576 854 1600 et
868 1582 885 1600 v
897 1570 1028 1601 confusa
1041 1573 1123 1603 1167

791 1612 928 1654 νέρτεροι
943 1616 1026 1645 1315

791 1658 883 1695 νῆμα.
928 1657 1102 1697 Singularis
1131 1662 1164 1688 et
1192 1659 1322 1699 pluralis
1344 1661 1377 1691 h.
1406 1671 1437 1689 vl.

836 1699 961 1730 confusi
976 1702 1058 1732 1431

796 1741 868 1773 νόον
882 1742 1023 1774 τίθεσθαι
1038 1746 1101 1775 248

798 1797 851 1817 νυν
866 1791 899 1816 et
913 1785 949 1823 δὴ
964 1786 1096 1817 confusa
1117 1790 1212 1819 1214.
1258 1800 1311 1819 νυν
1336 1795 1369 1819 et
1392 1801 1443 1820 τοι

841 1829 973 1860 confusa
986 1833 1048 1862 245

1104 1967 1126 1975 ›-

1106 1978 1124 1985 ,-

1103 1984 1138 1997 ..ο

798 2043 928 2083 ξεναγὸς
945 2044 1061 2077 Atticis
1076 2053 1260 2088 usurpatum
1275 2051 1319 2080 25·

798 2087 927 2126 ξενηγὸς
942 2091 983 2119 26

798 2130 937 2170 ξυμφορὰ
950 2135 970 2162 2

1101 2269 1139 2297 0.

797 2347 825 2381 ὁ,
842 2345 872 2384 ἡ,
888 2346 935 2378 τό.
981 2346 1041 2378 Vis
1056 2349 1180 2380 articuli
1195 2353 1270 2382 412.
1285 2349 1443 2390 ἡύγένεια,

841 2389 991 2428 ἡύτέλεια
1014 2393 1089 2422 772.
1133 2393 1150 2423 ὃ
1172 2391 1229 2431 μὲν
1252 2394 1446 2425 subaudien-

844 2434 931 2469 dum,
955 2439 1110 2474 sequente
1137 2436 1155 2466 ὃ
1177 2435 1211 2468 δὲ
1237 2439 1312 2468 892.
1354 2438 1392 2468 τὸ
1411 2438 1445 2469 δὲ

843 2480 876 2505 et
890 2475 928 2506 τό
939 2487 979 2515 γε
993 2477 1125 2508 confusa
1137 2481 1201 2510 788

800 2517 916 2558 ὀγκοῦν
930 2522 993 2551 396

801 2561 916 2600 ὃδαγὸς
930 2565 973 2593 26
1148 2600 1152 2601 ⁷

803 2605 865 2637 ὅδε.
888 2604 962 2638 τόδε
979 2609 1012 2636 et
1033 2604 1111 2639 τάδε
1133 2607 1266 2640 confusa
1289 2612 1366 2642 359.
1383 2612 1447 2643 73⁷
