1606 2803
455 320 815 369 CODICUM
868 329 1155 387 INDEX,

212 434 357 476 QUOS,
389 438 491 469 AUT
524 442 587 471 ΑΒ
619 444 754 476 ALIIS
788 448 891 478 AU'I'
926 452 955 481 A
993 453 1060 483 ME
1094 455 1384 500 1NSPECTOS,

409 528 477 558 AD
520 532 656 564 HANG
690 536 933 570 FABULAM
967 543 1200 577 ADHIBUI.

136 651 176 682 A.
202 652 266 682 Ms.
282 654 351 686 Par.
367 658 464 689 2712.
475 669 545 700 quae
561 668 634 692 sunt
649 664 798 696 Brunckii
815 668 1009 707 membranae,
1023 682 1040 702 a
1054 672 1250 715 Musgravio,
1266 676 1382 710 deinde
1399 680 1471 711 ‹hib-

177 719 300 756 gentius
315 731 332 750 a
350 721 508 755 Brunckio
525 726 669 757 collatus.

134 781 217 823 Aug.
236 786 265 815 l.
279 788 310 815 2.
323 788 354 816 3.
394 787 570 830 Augustani
591 798 653 824 tres
674 796 756 836 apud
774 796 1000 833 Hermannurn.
1045 803 1156 840 Quarti
1172 806 1377 849 fragmentum
1396 821 1471 841 con-

178 848 255 880 tinet
269 856 388 882 tantum
410 856 446 885 17
459 866 572 894 versus,
586 861 813 893 1261—1277.

111 929 115 930 ν
133 913 172 944 Β.
210 914 311 945 Variae
325 916 475 950 lectiones
487 931 504 951 e
516 922 577 952 Ms.
593 930 709 955 notatae
724 926 754 956 in
769 927 878 960 Aldin.
892 933 1077 973 exemplaris
1092 937 1241 978 margine,
1254 940 1339 980 quod
1353 951 1472 973 mecum
1499 973 1506 980 ,

175 982 417 1014 communicavit
430 985 474 1017 vir
489 986 686 1021 doctissimus
698 996 729 1022 et
742 993 957 1032 amicissimus,
975 998 1106 1030 Carolus
1120 1001 1274 1034 Burneius
1286 1004 1405 1045 junior.

133 1044 171 1075 C.
211 1045 276 1079 Ms.
299 1048 437 1091 Covegii
454 1051 602 1094 Corporis
628 1055 744 1088 Christi
768 1059 854 1100 apud
871 1060 1156 1104 Cantabrigiense8‚
1173 1067 1263 1109 cujus
1290 1080 1378 1101 usum
1399 1072 1472 1103 mihi

176 1111 396 1144 humanissime
412 1126 594 1150 concessere
611 1119 746 1162 collegii
763 1122 833 1163 ejus
849 1124 1003 1166 Magister
1018 1134 1049 1158 et
1064 1129 1160 1161 Socii.

139 1175 231 1209 Cant.
269 1177 477 1212 Bibliothecae
492 1184 627 1223 publicae
643 1185 921 1229 Cantabrigiensis‚
938 1197 1064 1224 notatus
1081 1194 1162 1226 Mn).
1183 1199 1212 1228 1.
1230 1200 1282 1230 11.

133 1240 218 1272 Cott.
255 1241 410 1286 Excerpta
430 1256 447 1277 e
469 1247 534 1279 Ms.
558 1249 694 1290 quodam
721 1252 925 1292 Cottoniano‚
941 1256 1141 1291 Barnesianae
1156 1262 1285 1304 margini
1302 1264 1334 1295 in
1352 1265 1471 1298 Biblio-

174 1308 267 1339 theca
281 1309 455 1342 Bodleiana
469 1312 637 1356 adscripta.

131 1371 170 1405 E.
209 1372 414 1407 Bibliothecae
431 1377 563 1418 publicae
581 1380 862 1427 Cantabrigiensis,
878 1392 1002 1419 notatus
1018 1388 1083 1422 Nn.
1096 1393 1128 1422 3.
1146 1394 1197 1424 13.
1258 1415 1260 1417 v

132 1436 167 1468 F.
204 1438 420 1481 Fragmentum
438 1443 578 1476 Hecubae
595 1446 627 1478 in
642 1446 754 1479 eodem
769 1450 939 1489 volumine,
957 1463 975 1484 a
989 1464 1078 1486 versu
1095 1459 1170 1489 712.
1184 1457 1224 1488 ad
1237 1459 1343 1502 finem,
1354 1472 1422 1493 cum
1434 1462 1473 1494 E.

175 1503 357 1547 plerumque
373 1509 583 1543 consentiens.

131 1566 174 1599 G.
204 1569 398 1610 Parisiensis,
413 1573 502 1616 cujus
517 1575 669 1609 lectiones
684 1579 835 1620 quasdam
852 1584 993 1616 enotavit
1008 1585 1126 1618 amicus
1142 1597 1243 1620 meus.

132 1631 175 1664 H.
205 1634 270 1666 Ms.
283 1635 469 1670 Harleianus
485 1644 582 1673 5725.
597 1642 630 1673 in
643 1643 757 1676 Museo
773 1646 970 1681 Britannico.

129 1697 156 1728 Ι.
199 1698 384 1733 Harleianus
400 1706 495 1737 6300.
506 1705 634 1739 ibidem.

131 1762 174 1794 K.
204 1764 316 1807 Regiae
332 1768 496 1801 societatis
509 1773 606 1804 codex
618 1775 784 1813 recentior,
801 1777 920 1820 Kingio
935 1780 1070 1822 optimus
1085 1789 1225 1816 vocatus.

132 1828 169 1860 L.
199 1829 264 1862 Ms.
279 1831 460 1875 Ayscough.
473 1838 571 1869 4952.
587 1837 617 1868 in
633 1839 750 1872 Museo
767 1842 963 1876 Britannico.

131 1894 180 1925 M.
192 1894 235 1927 N.
255 1897 318 1928 duo
329 1901 471 1941 exempla
487 1901 518 1931 in
529 1903 643 1934 eodem
655 1906 811 1938 volumine
825 1909 1031 1942 Bibliothecae
1045 1912 1179 1954 publicae
1193 1914 1469 1962 Cantahrigiensis,

174 1961 282 1987 notato
298 1957 362 1989 Nn.
380 1961 411 1990 3.
424 1962 478 1992 14.

132 2019 240 2062 Mosq.
258 2024 285 2053 l.
297 2026 328 2054 2.
343 2026 375 2054 3.
386 2027 417 2056 4.
457 2025 540 2057 Mss.
558 2034 690 2068 quatuor
702 2030 913 2073 Mosquenses
928 2035 1014 2077 apud
1027 2037 1191 2071 Beckium.

132 2083 168 2115 P.
185 2086 233 2116 vel
252 2087 320 2119 Lib.
338 2088 376 2118 Ρ.
414 2090 493 2121 liber
507 2092 678 2133 impressus
693 2095 723 2126 in
735 2096 934 2130 Bibliotheca
955 2101 1135 2141 Parisiensi,
1149 2115 1218 2137 cum
1233 2106 1313 2140 Mss.

176 2151 258 2181 unde
274 2153 371 2184 varias
383 2154 534 2186 lectiones
546 2159 709 2201 exscripsit
725 2161 933 2203 MusgraviuS.

1323 2110 1468 2151 collatus,

132 2213 173 2244 R.
207 2215 294 2247 Alter
310 2217 416 2259 Regia-2
430 2220 593 2253 societatis
603 2225 713 2256 codex.
