1606 2803
301 57 717 92 SUPPLEMENTUM
752 56 820 88 An
854 56 1244 90 PRAEFA'rmNEM.
1373 48 1458 92 xiii

232 161 371 216 Soph.
395 161 468 217 Aj.
604 186 608 190 »
691 179 701 202 ι
724 165 998 216 κυνηγετοῦντα
1018 161 1082 202 καὶ
1093 159 1357 235 μετρούμενον.

234 219 389 274 Eurip.
441 219 559 261 Hec.
602 222 670 262 14.
711 218 1020 294 ζΤπεξεπεμψεν·
1071 218 1153 261 οὔτε
1202 221 1282 275 γοὶς
1335 217 1382 269 <pi
1368 235 1423 276 ,ες
1409 236 1456 260 ιν

583 275 731 318 δ’ῗπλον

179 333 267 374 Sed
289 348 391 376 cum
412 348 479 375 res
501 339 619 376 esset
639 335 839 376 immensi
861 335 1028 389 operis,
1060 338 1106 376 et
1137 338 1256 376 certe
1283 335 1339 377 ab
1370 335 1458 378 isto

119 404 329 433 versuum
363 406 534 445 genere,
573 393 693 446 quod
733 406 980 434 sermonem
1012 392 1317 447 quotidianum
1348 406 1462 447 quo-

121 449 358 491 dammodo
379 452 625 504 exprimere
642 450 851 500 debebat,
868 450 1154 499 alienissima,
1173 463 1310 504 puros
1331 464 1461 493 sena-

122 508 210 548 rios
229 508 435 558 scribere,
450 507 570 561 [xix]
585 508 698 549 duas
717 508 923 550 licentias
941 508 1262 561 excogitabant
1282 507 1461 550 lambo-

121 565 302 618 graphi3
334 565 530 619 priorem
562 565 751 615 scilicet,
782 569 833 607 ut
859 565 1104 620 spondeum
1136 565 1182 606 in
1212 566 1462 619 imparibus

121 623 237 663 locis
259 622 550 673 admitterent,
580 623 784 673 alteram,
818 627 868 664 ut
898 635 979 677 pro
1009 623 1157 664 iambo
1188 622 1463 678 tribrachyn,

122 683 278 733 utpote
310 681 583 734 temporibus
618 680 856 735 aequalem,
889 681 1231 722 substituerent:
1264 680 1346 721 sed
1380 681 1464 723 has

124 736 329 778 licentias
361 742 532 779 veteres
569 738 645 779 isti
681 737 940 779 Iamborum
977 739 1234 792 scriptores,
1263 737 1466 780 Archilo-

124 793 253 835 chum
275 795 392 845 dico,
414 795 621 837 Solonem
642 799 686 836 et
706 795 999 845 Simonidem,
1017 796 1197 850 parcius
1217 796 1306 836 sibi
1321 795 1467 837 indul-

125 852 308 904 gebant3
339 853 479 893 multo
512 853 788 908 frequentius
818 853 1027 907 Tragici3
1060 852 1233 894 Comici
1259 853 1468 907 denique,

126 909 293 963 quibus
315 910 595 963 propositum
625 915 738 960 erat,
775 924 867 951 non
901 911 1045 952 solum
1076 910 1354 961 familiarem,
1387 911 1496 961 seclx

125 966 258 1007 etiam
289 966 685 1008 familiarissimum
716 980 963 1009 sermonem
992 968 1174 1019 imitari,
1207 968 1468 1010 laxissimos

126 1023 367 1077 aliquando
389 1038 599 1066 numeros
620 1025 931 1068 admittebant.

183 1081 366 1134 Tragici
387 1082 537 1134 igitur,
559 1085 718 1136 praeter
747 1082 946 1123 iambum
975 1087 1021 1123 et
1052 1083 1323 1138 tribrachyn,
1355 1097 1468 1138 quos

130 1151 231 1180 cum
271 1139 460 1192 paribus
501 1140 616 1180 locis
655 1151 912 1180 communes
944 1139 1179 1190 habebant,
1215 1141 1468 1196 spondeum

130 1196 265 1238 etiam
284 1197 329 1236 in
352 1197 511 1250 primo,
542 1197 671 1238 tertio
693 1200 739 1236 et
760 1196 912 1250 quinto
938 1197 1231 1250 usurpabant.
1293 1198 1469 1240 Postea

129 1254 246 1295 hunc
269 1253 514 1307 spondeum
537 1254 582 1294 in
607 1253 753 1307 primo
781 1254 901 1303 loco,
932 1258 1061 1308 prout
1082 1267 1153 1295 res
1175 1256 1359 1307 ferebat,
1394 1256 1468 1298 vel

129 1311 174 1352 in
197 1311 427 1366 dactylum
449 1311 520 1353 vel
555 1311 599 1351 in
631 1314 910 1364 anapaestum
941 1311 1241 1362 dissecabant,
1273 1314 1319 1354 in
1341 1288 1468 1355 t'ertio

128 1368 232 1410 loco
253 1372 425 1409 tantum
445 1369 488 1409 in
509 1368 787 1422 dactylum,'
775 1381 818 1408 ln
840 1367 996 1422 quinto
1025 1381 1166 1423 neque
1190 1371 1236 1411 in
1256 1383 1469 1425 anapaes-

130 1430 225 1467 tum
245 1439 388 1480 neque
420 1426 466 1466 in
487 1426 728 1480 dactylum.
788 1423 858 1467 Ac
890 1424 945 1466 de
972 1425 1159 1492 dactylo
1181 1427 1364 1481 quidem
1398 1441 1469 1470 res

130 1483 245 1524 adeo
268 1483 484 1537 expedita
505 1488 548 1524 et
574 1483 723 1524 facilis
749 1485 835 1533 est,
868 1487 920 1523 ut
940 1482 1019 1525 vix
1046 1484 1134 1525 tria
1164 1485 1375 1538 exempla
1402 1499 1473 1526 re-

130 1541 367 1594 periantur,
384 1554 485 1594 quae
508 1540 611 1581 huic
627 1538 790 1593 regulae
814 1540 988 1581 obstare
1004 1540 1078 1581 vel
1092 1541 1340 1584 videantur.
1380 1543 1471 1584 Eu-

130 1597 263 1652 ripidi
293 1598 469 1652 quidem
503 1599 698 1639 tribuunt
724 1596 807 1638 viri
835 1597 957 1638 docti
982 1602 1193 1652 tanquam
1224 1598 1471 1655 Hippolyti

131 1656 285 1706 verba,
309 1668 336 1696 a
358 1656 575 1705 Zenobio,
602 1655 901 1707 Diogeniano,
925 1654 1068 1696 Suida
1097 1661 1143 1696 et
1164 1655 1437 1711 Apostolio
1424 1670 1472 1698 1n

130 1713 461 1766 proverbiorum
488 1725 718 1753 numerum
737 1712 893 1762 relata,
924 1712 1005 1752 sed
1014 1726 1246 1784 nusquam
1275 1727 1357 1768 pro
1379 1714 1471 1755 Eu-

133 1770 321 1824 ripideis
359 1771 514 1820 citata,
533 1768 713 1825 ’Ἃκαιρος
744 1767 844 1810 ευνοι’
875 1769 972 1810 οὐδὲν
1003 1767 1140 1825 ἔχθρας
1170 1770 1349 1826 διαφέρει.
1409 1770 1469 1813 Et

133 1831 334 1880 poterant
351 1841 446 1868 esse
463 1829 596 1869 verba
617 1826 820 1868 Phaedrae
844 1827 902 1868 ad
922 1829 1164 1869 nutricem·
1154 1860 1165 1880 ‚
1195 1828 1470 1870 Scholiastes

135 1885 249 1925 enim
280 1885 337 1926 ad
369 1884 561 1939 Hippol-
582 1884 683 1925 602.
715 1885 801 1925 ait:
833 1884 896 1924 καὶ
927 1882 1028 1925 ἔστιν
1053 1886 1134 1936 ὁμο.
1125 1883 1163 1925 ἴοι
1191 1887 1240 1941 τῇ
1269 1884 1469 1940 παροιμίᾳ,

135 1939 254 1983 Ευνοι’
275 1941 431 1998 ἄκαιρος
460 1942 556 1982 οὐδὲν
577 1939 805 1981 διαλλάσσει
830 1939 979 1997 ἔχθρας.
1040 1942 1132 1984 Sed
1160 1943 1471 1998 cujuscunque

131 2005 218 2050 est,
239 2004 358 2041 certe
389 2012 535 2053 neque
566 1998 796 2052 Euripidis
827 2004 910 2049 est,
945 2012 1087 2053 neque
1116 1999 1296 2053 Tragici
1315 2000 1470 2054 cujus-

135 2069 283 2111 quam.
341 2055 470 2098 Alter
490 2057 617 2098 locus
640 2055 883 2109 Euripidis,
904 2056 1020 2098 inter
1040 2056 1287 2110 fragmenta
1307 2071 1335 2099 a
1355 2058 1470 2100 Bar-

132 2115 259 2155 nesio
279 2118 323 2156 et
344 2114 602 2167 Musgravio
630 2113 892 2163 collocatus,
919 2118 1072 2155 exstat
1091 2114 1213 2168 apud
1232 2114 1470 2156 Stobaeum

135 2172 252 2212 cxvi.
294 2186 340 2224 p.
379 2172 481 2213 477.
546 2171 670 2241 Τηρεῖν
708 2170 776 2223 μὲν
815 2169 956 2240 ἑτέρους
995 2173 1027 2211 οἷ
1065 2169 1233 2226 γέροντες
1271 2171 1469 2225 δυνάμεθα,

132 2226 316 2281 Hpteagss’
338 2227 536 2269 ἀπολαύειν
555 2232 602 2267 ὠν
628 2225 795 2281 ἔχουσιν,
828 2230 859 2268 οἶ
891 2225 973 2268 νέοι.
1035 2228 1149 2278 Quis
1173 2241 1278 2270 vero
1308 2230 1470 2283 nescit,

134 2287 312 2339 quoties
333 2299 482 2339 margo
505 2285 705 2327 Stobaei
695 2298 740 2325 m
762 2285 1019 2326 nominibus
1039 2285 1184 2326 erret?
1242 2287 1345 2339 [xx]
1377 2286 1473 2328 Aut

133 2342 234 2395 quis
253 2342 350 2385 haec
372 2356 471 2384 esse
501 2342 674 2384 Comici
703 2341 938 2396 cujusdam
956 2342 1093 2384 verba
1124 2342 1326 2384 dubitet?
1357 2343 1473 2385 Ver-

136 2412 216 2441 sus
246 2401 384 2450 solus,
415 2413 544 2454 quem
563 2400 606 2440 in
641 2399 811 2440 fabulis
842 2399 1018 2452 integris
1053 2411 1287 2453 superesse
1319 2400 1472 2451 credo,

166 2514 200 2556 [⁸
216 2515 268 2547 Sic
282 2516 462 2548 memoriter
477 2516 587 2549 citavit
601 2526 610 2549 ε
633 2526 673 2547 ne
688 2515 765 2558 quid
777 2515 932 2548 reconditi
946 2515 996 2548 hic
1012 2515 1109 2546 latere
1123 2519 1227 2557 putes.
1276 2516 1320 2548 G.
1336 2515 1384 2548 H.
1399 2515 1455 2558 S.]

252 2574 403 2632 Eurip.
1209 2610 1214 2615 .
1275 2574 1298 2615 b
