1566 2789
122 51 208 95 112

121 266 279 299 Heathius
295 268 376 298 1495

124 311 329 351 Hegelochus
342 311 406 340 272

124 352 240 384 Hiatus
255 355 331 384 792.
346 354 429 383 1338

124 395 282 427 Homerus
292 396 331 425 ab
345 392 548 426 Onomacrito
557 392 768 433 interpolatus

169 443 201 471 5.
244 438 378 478 Hymni,
403 438 457 478 qui
481 437 541 468 sub
556 436 686 467 Homeri
708 445 766 467 no-

169 482 253 511 mine
268 481 422 518 feruntur,
437 491 477 512 an
492 479 622 522 genuini
636 483 655 511 5

126 524 302 565 Hucusque
318 526 403 556 1679

438 666 467 696 Ι.

126 749 349 791 Iambographi
362 753 487 780 veteres
501 752 519 780 5

124 793 345 835 Imperativus.
416 791 550 833 Ellipsis
586 789 767 832 imperativi

124 879 306 911 Infinitivus
320 887 360 909 an
375 888 432 920 pro
444 876 629 918 imperativo
643 875 768 907 dicatur

169 925 243 954 387.
286 922 440 953 Infinitivi
461 926 496 952 et
510 919 676 962 participia
690 929 765 951 con-

166 966 236 996 fusa
254 967 338 996 1524

122 1007 396 1049 Interpunctionis
409 1008 525 1037 abusus
541 1008 603 1037 114

122 1050 291 1091 Iphigenia
304 1050 415 1081 Aulid.
429 1048 619 1089 interpolata
632 1050 717 1080 1338

123 1094 275 1124 Julianus
288 1094 393 1124 minus
407 1092 555 1133 probatus
569 1096 677 1123 auctor
690 1093 732 1122 73

124 1136 144 1168 J
148 1146 183 1167 us
197 1137 283 1174 dare,
299 1136 428 1167 reddere
443 1138 507 1167 606
674 1142 676 1144 ’

425 1277 466 1309 L.

126 1369 261 1401 Lineola
299 1370 423 1411 signum
451 1368 600 1401 orationis
627 1369 769 1412 abruptae

127 1415 260 1486 Lit33³iae
274 1457 452 1487 numerales
468 1458 552 1488 1524

128 1498 291 1530 Lucianus
305 1499 408 1531 minus
422 1499 572 1541 probatus
585 1504 694 1532 auctor
708 1502 749 1531 73

424 1652 475 1682 Μ.

128 1739 246 1771 Musaei
260 1741 397 1774 carmina
409 1742 600 1785 interpolata
613 1748 631 1776 5

430 1892 475 1923 Ν.

131 1982 163 2015 N
167 1983 287 2014 eutrius
298 1983 526 2025 adjectivorum
536 1994 614 2017 usus
622 1996 680 2028 pro
689 1996 771 2017 mas-

175 2026 281 2057 culino
296 2032 350 2057 aut
364 2027 516 2059 feminino

131 2067 292 2100 Neutrum
308 2070 430 2111 plurale
445 2080 517 2102 cum
541 2071 639 2102 verbo
658 2072 774 2113 plurali

133 2153 358 2186 Nominativus
364 2156 534 2193 absolutus,
540 2157 682 2199 pendens
690 2159 773 2189 1645

134 2196 345 2228 Numerorum
365 2200 557 2238 permutatio
575 2200 709 2231 librariis
723 2211 774 2230 so·

178 2240 282 2270 lennis
302 2244 376 2272 154.
391 2244 466 2273 942.
480 2245 555 2274 971.
569 2246 664 2275 1074.
680 2245 774 2275 1263.

179 2284 277 2315 1279.
294 2285 389 2315 1421.
405 2287 500 2317 1501.
517 2288 612 2318 1590.
628 2288 722 2318 1630.

439 2426 481 2456 O.

137 2514 356 2590 On50macritus
376 2517 583 2560 interpolator
605 2517 777 2551 carminum

597 60 769 93 INDEX
805 58 1046 92 LATINUS.

1108 168 1148 201 P.

808 260 982 301 Participia
994 270 1067 292 curn
1083 259 1229 301 genitivis
1248 257 1360 300 juncta
1379 261 1454 290 499.

853 303 1027 344 Participia
1048 304 1262 344 praesentium,
1281 312 1352 343 quae
1377 302 1450 332 sub-

851 347 1058 378 stantivorum
1068 347 1166 376 instar
1175 345 1349 376 verbalium
1356 345 1451 375 modo

851 390 917 420 vim
926 391 1094 420 verborum
1108 389 1261 425 indicant,
1277 387 1360 418 omni
1371 393 1451 417 tem-

852 433 937 473 poris
948 433 1076 463 notione
1087 433 1266 462 oblitterata
1275 433 1294 461 7
1296 434 1350 462 40.
1387 430 1455 471 [Sic

852 485 882 505 v-
904 478 979 506 400.
1002 476 1018 506 ὃ
1036 477 1172 516 συνδρῶν
1186 473 1260 513 αἷμα
1275 472 1325 504 καὶ
1338 471 1453 513 μητρὸς

854 517 962 558 φόνον.
990 519 1031 549 G.
1053 518 1102 549 H.
1124 518 1177 559 S.]
1223 516 1395 557 Participia
1421 522 1452 546 et

853 560 1002 591 infinitivi
1015 561 1146 591 confusa
1162 563 1246 592 1524

812 603 989 635 Passivum.
1027 603 1180 634 Secundae
1192 607 1226 633 et
1239 601 1406 643 praesentis
1420 608 1453 632 et

855 646 953 677 futuri
978 646 1098 687 passivi
1120 646 1285 676 indicativi
1309 654 1451 685 personae

854 688 888 719 in
918 701 945 720 ει
972 689 1188 719 termiuandae.
1233 687 1327 718 Conf.
1352 687 1455 718 Indic.

856 732 962 763 Graec.
978 743 1002 762 s.
1014 744 1085 764 -ει
1099 737 1131 762 et
1144 743 1218 773 '‘3²-

811 773 978 805 Pausaniae
993 775 1164 806 auctoritas
1175 774 1208 805 in
1224 773 1398 814 quaestione
1414 773 1453 802 de

853 817 955 858 νοθείᾳ
969 819 1154 858 scriptorum
1168 821 1186 848 5

810 859 1013 901 Periphrases
1027 863 1107 892 1215

810 902 939 944 Phryne
952 903 1126 944 impietatis
1135 912 1189 933 rea
1203 906 1222 934 5

810 945 993 977 Pleonasmi
1007 949 1070 977 538

812 988 940 1019 Plurale
962 989 1093 1019 verbum
1113 997 1178 1018 non
1193 987 1275 1018 solet
1288 986 1457 1027 Euripides

855 1031 959 1062 neutri
985 1031 1101 1072 plurali
1125 1031 1290 1072 subjicere,
1315 1030 1375 1060 nisi
1400 1040 1457 1071 per

856 1075 967 1114 σχῆμα
980 1073 1056 1115 πρὸς
1070 1073 1108 1104 τὸ
1123 1073 1350 1113 σημαινόμενον
1365 1075 1429 1104 596

814 1117 951 1148 Pluralis
965 1127 1113 1148 numerus
1126 1116 1321 1157 pronominis
1334 1115 1457 1146 relativi

852 1161 1044 1201 singularem
1051 1160 1238 1190 substantivi
1245 1168 1381 1199 sequens
1388 1161 1463 1190 910.

854 1204 991 1234 Pluralis
1007 1213 1064 1244 pro
1080 1202 1231 1243 singulari
1246 1205 1321 1234 962.
1359 1203 1456 1232 1046.

854 1246 990 1277 Pluralis
1004 1251 1038 1276 et
1049 1246 1214 1286 singularis
1225 1244 1358 1276 confusi.
1385 1243 1459 1275 Vid-

853 1288 1068 1321 Numerorum
1087 1288 1287 1330 permutatio.

813 1331 985 1363 Positionis
1001 1332 1049 1362 vis
1064 1331 1150 1373 apud
1163 1331 1313 1372 Tragicos
1328 1332 1371 1361 64

813 1375 1039 1406 Pronominum
1067 1374 1188 1406 tonosis
1216 1377 1291 1405 514.
1334 1373 1455 1403 Prono-

856 1428 930 1449 men
943 1418 1121 1448 relativum.
1152 1416 1228 1447 Vid.
1245 1416 1384 1447 Pluralis
1398 1425 1456 1446 nu·

853 1470 973 1492 merus.
1016 1460 1188 1501 Singularis
1202 1469 1362 1491 numerus-

813 1503 1041 1545 Prothysteron
1055 1506 1119 1535 804

814 1546 985 1578 Proverbia
997 1547 1140 1587 paullum
1156 1550 1274 1577 mutare
1290 1550 1374 1576 amat
1391 1544 1456 1576 Eu-

856 1589 973 1630 ripides
983 1593 1025 1621 68

1115 1721 1159 1752 R.

817 1805 1041 1847 Repetitiones
1060 1806 1227 1837 verborum
1248 1804 1282 1834 in
1305 1803 1458 1845 Euripide

858 1852 935 1880 926.
952 1852 1035 1881 1662

816 1891 1144 1967 Rlffgpsfissuripidem
1154 1896 1316 1923 auctorem
1329 1899 1392 1921 non
1405 1891 1458 1920 ha—

1117 2058 1151 2089 S.

818 2142 1033 2175 Secundarum
1054 2151 1258 2184 personarum
1271 2141 1371 2171 forma
1384 2140 1418 2171 in
1435 2152 1461 2171 ει

862 2186 1041 2217 terminata.
1066 2185 1118 2217 Cf.
1134 2185 1206 2216 Ind.
1223 2184 1326 2216 Graec.
1358 2194 1383 2215 s.
1392 2195 1464 2214 -ει

862 2234 970 2270 et—y.
1005 2228 1151 2260 Secunda
1175 2236 1310 2269 persona
1329 2226 1363 2257 in
1385 2236 1458 2256 sen·

860 2273 971 2303 tentiis
997 2271 1195 2313 generalibus
1207 2281 1216 2309 3
1243 2270 1342 2301 rarior
1367 2274 1462 2300 tertia

819 2356 995 2398 Singularis
1005 2365 1157 2388 numerus
1169 2353 1366 2396 pronominis
1380 2354 1462 2384 rela-

862 2401 920 2431 tivi
933 2405 1006 2441 post
1017 2399 1246 2431 substantivum
1259 2397 1390 2438 pluralis
1401 2406 1461 2427 nu—

862 2445 942 2473 meri
956 2448 1012 2474 aut
1024 2442 1225 2474 collectivum
1239 2443 1314 2471 910.
1346 2440 1459 2479 Singu—

862 2486 937 2516 laris
962 2491 996 2516 et
1021 2485 1153 2526 pluralis
1187 2482 1319 2514 confusi.
1387 2481 1464 2513 Via.

864 2528 1078 2560 Numerorum
1091 2526 1292 2569 permutatio.

821 2570 875 2602 Sol
889 2571 976 2604 λίθος
989 2570 1132 2612 διάπυρος
1143 2570 1246 2601 dictus
1259 2570 1321 2600 971
