<?xml version="1.0" encoding="UTF-8"?>
<!DOCTYPE html PUBLIC "-//W3C//DTD XHTML 1.0 Transitional//EN"
    "http://www.w3.org/TR/xhtml1/DTD/xhtml1-transitional.dtd">
<html xmlns="http://www.w3.org/1999/xhtml" xml:lang="en" lang="en">
 <head>
  <title>
</title>
<meta http-equiv="Content-Type" content="text/html;charset=utf-8" />
  <meta name='ocr-system' content='tesseract 3.04.00' />
  <meta name='ocr-capabilities' content='ocr_page ocr_carea ocr_par ocr_line ocrx_word'/>
</head>
<body>
  <div class='ocr_page' id='page_1' title='image "./hecubaorestesph00euriuoft/hecubaorestesph00euriuoft_0038.png"; bbox 0 0 1566 2789; ppageno 0'>
   <div class='ocr_carea' id='block_1_1' title="bbox 162 64 1298 109">
    <p class='ocr_par' dir='ltr' id='par_1_1' title="bbox 162 64 1298 109">
     <span class='ocr_line' id='line_1_1' title="bbox 162 64 1298 109; baseline -0.005 -1"><span class='ocrx_word' id='word_1_1' title='bbox 162 64 275 109; x_wconf 85' lang='lat' dir='ltr'>xxvi</span> <span class='ocrx_word' id='word_1_2' title='bbox 369 75 777 108; x_wconf 65' lang='lat' dir='ltr'>SUPPLEMENTUM</span> <span class='ocrx_word' id='word_1_3' title='bbox 811 75 877 105; x_wconf 79' lang='lat' dir='ltr'>An</span> <span class='ocrx_word' id='word_1_4' title='bbox 911 72 1298 104; x_wconf 79' lang='lat' dir='ltr'>PRAEFATIONEM.</span> 
     </span>
    </p>
   </div>
   <div class='ocr_carea' id='block_1_2' title="bbox 163 171 1542 2349">
    <p class='ocr_par' dir='ltr' id='par_1_2' title="bbox 163 171 1488 682">
     <span class='ocr_line' id='line_1_2' title="bbox 165 171 1486 231; baseline -0.005 -13"><span class='ocrx_word' id='word_1_5' title='bbox 165 177 447 225; x_wconf 81' lang='lat' dir='ltr'>auctoritate,</span> <span class='ocrx_word' id='word_1_6' title='bbox 479 189 730 231; x_wconf 81' lang='lat' dir='ltr'>quanquam</span> <span class='ocrx_word' id='word_1_7' title='bbox 751 188 835 216; x_wconf 91' lang='lat' dir='ltr'>non</span> <span class='ocrx_word' id='word_1_8' title='bbox 856 173 1026 215; x_wconf 88' lang='lat' dir='ltr'>monito</span> <span class='ocrx_word' id='word_1_9' title='bbox 1053 175 1228 214; x_wconf 81' lang='lat' dir='ltr'>lectore.</span> <span class='ocrx_word' id='word_1_10' title='bbox 1289 173 1339 214; x_wconf 90' lang='lat' dir='ltr'>Si</span> <span class='ocrx_word' id='word_1_11' title='bbox 1371 171 1486 212; x_wconf 85' lang='lat' dir='ltr'>enim</span> 
     </span>
     <span class='ocr_line' id='line_1_3' title="bbox 163 229 1487 284; baseline -0.007 -9"><span class='ocrx_word' id='word_1_12' title='bbox 163 235 374 275; x_wconf 85' lang='lat' dir='ltr'><strong>retinetur</strong></span> <span class='ocrx_word' id='word_1_13' title='bbox 415 234 678 282; x_wconf 76' lang='grc' dir='ltr'>ἀποπλήκτως,</span> <span class='ocrx_word' id='word_1_14' title='bbox 717 232 897 272; x_wconf 84' lang='lat' dir='ltr'>rescribi</span> <span class='ocrx_word' id='word_1_15' title='bbox 939 236 1115 284; x_wconf 83' lang='lat' dir='ltr'>oportet</span> <span class='ocrx_word' id='word_1_16' title='bbox 1164 229 1274 284; x_wconf 77' lang='grc' dir='ltr'>ἔχεις.</span> <span class='ocrx_word' id='word_1_17' title='bbox 1336 229 1487 281; x_wconf 88' lang='lat' dir='ltr'>Eurip.</span> 
     </span>
     <span class='ocr_line' id='line_1_4' title="bbox 164 283 1488 343; baseline -0.005 -13"><span class='ocrx_word' id='word_1_18' title='bbox 164 290 266 343; x_wconf 90' lang='lat' dir='ltr'>Iph.</span> <span class='ocrx_word' id='word_1_19' title='bbox 288 289 346 330; x_wconf 88' lang='lat' dir='ltr'>A.</span> <span class='ocrx_word' id='word_1_20' title='bbox 370 292 493 332; x_wconf 76' lang='lat'>1465.</span> <span class='ocrx_word' id='word_1_21' title='bbox 525 290 669 336; x_wconf 81' lang='grc' dir='ltr'>Δεινοὺς</span> <span class='ocrx_word' id='word_1_22' title='bbox 690 291 837 342; x_wconf 74' lang='grc' dir='ltr'>ἀγῶνας</span> <span class='ocrx_word' id='word_1_23' title='bbox 865 289 922 327; x_wconf 67' lang='grc' dir='ltr'>διὰ</span> <span class='ocrx_word' id='word_1_24' title='bbox 954 288 997 326; x_wconf 80' lang='grc' dir='ltr'>σὲ</span> <span class='ocrx_word' id='word_1_25' title='bbox 1026 289 1137 326; x_wconf 77' lang='grc' dir='ltr'>κεῖνον</span> <span class='ocrx_word' id='word_1_26' title='bbox 1169 288 1221 326; x_wconf 79' lang='grc' dir='ltr'>δεῖ</span> <span class='ocrx_word' id='word_1_27' title='bbox 1251 287 1322 340; x_wconf 81' lang='grc' dir='ltr'>(δεῖ</span> <span class='ocrx_word' id='word_1_28' title='bbox 1354 283 1488 337; x_wconf 79' lang='grc' dir='ltr'>κεῖνον)</span> 
     </span>
     <span class='ocr_line' id='line_1_5' title="bbox 165 340 1488 401; baseline -0.004 -16"><span class='ocrx_word' id='word_1_29' title='bbox 165 347 327 401; x_wconf 72' lang='grc' dir='ltr'>δραμεῖν.</span> <span class='ocrx_word' id='word_1_30' title='bbox 386 347 485 400; x_wconf 87' lang='lat' dir='ltr'>Iph.</span> <span class='ocrx_word' id='word_1_31' title='bbox 502 348 555 388; x_wconf 89' lang='grc' dir='ltr'>Τ.</span> <span class='ocrx_word' id='word_1_32' title='bbox 573 346 698 387; x_wconf 70' lang='grc'><strong>1013.</strong></span> <span class='ocrx_word' id='word_1_33' title='bbox 720 345 811 384; x_wconf 80' lang='grc' dir='ltr'>ἀλλ’</span> <span class='ocrx_word' id='word_1_34' title='bbox 831 345 916 399; x_wconf 78' lang='grc' dir='ltr'>ἀνὴρ</span> <span class='ocrx_word' id='word_1_35' title='bbox 934 345 999 395; x_wconf 79' lang='grc' dir='ltr'>μὲν</span> <span class='ocrx_word' id='word_1_36' title='bbox 1022 346 1061 383; x_wconf 80' lang='grc' dir='ltr'>ἐκ</span> <span class='ocrx_word' id='word_1_37' title='bbox 1084 342 1198 394; x_wconf 75' lang='grc' dir='ltr'>δόμων</span> <span class='ocrx_word' id='word_1_38' title='bbox 1225 340 1350 382; x_wconf 59' lang='lat' dir='ltr'>&amp;avulsa</span> <span class='ocrx_word' id='word_1_39' title='bbox 1369 342 1488 382; x_wconf 80' lang='grc' dir='ltr'>ποθει-</span> 
     </span>
     <span class='ocr_line' id='line_1_6' title="bbox 166 398 1487 457; baseline -0.004 -14"><span class='ocrx_word' id='word_1_40' title='bbox 166 403 233 450; x_wconf 77' lang='grc' dir='ltr'>νός·</span> <span class='ocrx_word' id='word_1_41' title='bbox 264 405 315 443; x_wconf 82' lang='grc' dir='ltr'>τοὶ</span> <span class='ocrx_word' id='word_1_42' title='bbox 346 403 381 442; x_wconf 78' lang='grc' dir='ltr'>δὲ</span> <span class='ocrx_word' id='word_1_43' title='bbox 411 407 595 457; x_wconf 77' lang='grc' dir='ltr'>γυναικῶν</span> <span class='ocrx_word' id='word_1_44' title='bbox 624 402 764 450; x_wconf 76' lang='grc' dir='ltr'>ἀσθενῆ.</span> <span class='ocrx_word' id='word_1_45' title='bbox 825 402 899 442; x_wconf 87' lang='lat' dir='ltr'>Sic</span> <span class='ocrx_word' id='word_1_46' title='bbox 919 415 942 440; x_wconf 82' lang='lat' dir='ltr'>e</span> <span class='ocrx_word' id='word_1_47' title='bbox 965 401 1076 441; x_wconf 74' lang='lat' dir='ltr'>MSS.</span> <span class='ocrx_word' id='word_1_48' title='bbox 1097 400 1236 440; x_wconf 81' lang='lat' dir='ltr'>edidit</span> <span class='ocrx_word' id='word_1_49' title='bbox 1259 398 1487 440; x_wconf 77' lang='lat' dir='ltr'>Marklan-</span> 
     </span>
     <span class='ocr_line' id='line_1_7' title="bbox 167 456 1488 513; baseline -0.004 -13"><span class='ocrx_word' id='word_1_50' title='bbox 167 460 266 508; x_wconf 83' lang='lat' dir='ltr'>dus,</span> <span class='ocrx_word' id='word_1_51' title='bbox 302 462 517 513; x_wconf 77' lang='lat' dir='ltr'>probante</span> <span class='ocrx_word' id='word_1_52' title='bbox 552 459 823 510; x_wconf 80' lang='lat' dir='ltr'>Musgravio.</span> <span class='ocrx_word' id='word_1_53' title='bbox 885 457 954 498; x_wconf 84' lang='lat' dir='ltr'>Ex</span> <span class='ocrx_word' id='word_1_54' title='bbox 975 456 1093 497; x_wconf 85' lang='lat' dir='ltr'>Aldo</span> <span class='ocrx_word' id='word_1_55' title='bbox 1124 461 1402 510; x_wconf 82' lang='lat' dir='ltr'>quantocyus</span> <span class='ocrx_word' id='word_1_56' title='bbox 1424 468 1488 495; x_wconf 87' lang='lat' dir='ltr'>re-</span> 
     </span>
     <span class='ocr_line' id='line_1_8' title="bbox 168 512 1486 570; baseline -0.005 -13"><span class='ocrx_word' id='word_1_57' title='bbox 168 517 306 558; x_wconf 85' lang='lat' dir='ltr'>stitue</span> <span class='ocrx_word' id='word_1_58' title='bbox 341 518 529 570; x_wconf 74' lang='grc' dir='ltr'>γυναικὸς,</span> <span class='ocrx_word' id='word_1_59' title='bbox 566 516 683 570; x_wconf 91' lang='lat' dir='ltr'>quod</span> <span class='ocrx_word' id='word_1_60' title='bbox 718 515 852 555; x_wconf 87' lang='lat' dir='ltr'>etiam</span> <span class='ocrx_word' id='word_1_61' title='bbox 895 514 1222 567; x_wconf 83' lang='lat' dir='ltr'>oppositionem</span> <span class='ocrx_word' id='word_1_62' title='bbox 1260 512 1486 552; x_wconf 81' lang='lat' dir='ltr'>fortiorem</span> 
     </span>
     <span class='ocr_line' id='line_1_9' title="bbox 167 568 1486 625; baseline -0.003 -13"><span class='ocrx_word' id='word_1_63' title='bbox 167 573 290 614; x_wconf 84' lang='lat' dir='ltr'>facit.</span> <span class='ocrx_word' id='word_1_64' title='bbox 352 574 440 614; x_wconf 81' lang='lat' dir='ltr'>Sed</span> <span class='ocrx_word' id='word_1_65' title='bbox 461 574 577 614; x_wconf 86' lang='lat' dir='ltr'>levia</span> <span class='ocrx_word' id='word_1_66' title='bbox 604 571 859 625; x_wconf 87' lang='lat' dir='ltr'>hujusmodi</span> <span class='ocrx_word' id='word_1_67' title='bbox 891 572 1038 623; x_wconf 88' lang='lat' dir='ltr'>quivis</span> <span class='ocrx_word' id='word_1_68' title='bbox 1059 583 1139 623; x_wconf 90' lang='lat' dir='ltr'>pro</span> <span class='ocrx_word' id='word_1_69' title='bbox 1159 583 1205 610; x_wconf 88' lang='lat' dir='ltr'>se</span> <span class='ocrx_word' id='word_1_70' title='bbox 1225 570 1318 622; x_wconf 87' lang='lat' dir='ltr'>ipse</span> <span class='ocrx_word' id='word_1_71' title='bbox 1340 568 1486 609; x_wconf 86' lang='lat' dir='ltr'>statim</span> 
     </span>
     <span class='ocr_line' id='line_1_10' title="bbox 169 631 376 682; baseline -0.005 -12"><span class='ocrx_word' id='word_1_72' title='bbox 169 631 376 682; x_wconf 82' lang='lat' dir='ltr'>corriget.</span> 
     </span>
    </p>

    <p class='ocr_par' dir='ltr' id='par_1_3' title="bbox 169 681 1489 1129">
     <span class='ocr_line' id='line_1_11' title="bbox 228 681 1486 740; baseline -0.004 -14"><span class='ocrx_word' id='word_1_73' title='bbox 228 686 299 726; x_wconf 88' lang='lat' dir='ltr'>Ex</span> <span class='ocrx_word' id='word_1_74' title='bbox 316 687 370 727; x_wconf 85' lang='lat' dir='ltr'>iis</span> <span class='ocrx_word' id='word_1_75' title='bbox 385 686 493 740; x_wconf 87' lang='lat' dir='ltr'>jam,</span> <span class='ocrx_word' id='word_1_76' title='bbox 517 697 617 737; x_wconf 84' lang='lat' dir='ltr'>quae</span> <span class='ocrx_word' id='word_1_77' title='bbox 637 687 823 732; x_wconf 85' lang='lat' dir='ltr'>restant,</span> <span class='ocrx_word' id='word_1_78' title='bbox 843 683 953 724; x_wconf 88' lang='lat' dir='ltr'>locis</span> <span class='ocrx_word' id='word_1_79' title='bbox 974 682 1180 736; x_wconf 84' lang='lat' dir='ltr'>quaedam</span> <span class='ocrx_word' id='word_1_80' title='bbox 1197 681 1486 734; x_wconf 86' lang='lat' dir='ltr'>proferamus.</span> 
     </span>
     <span class='ocr_line' id='line_1_12' title="bbox 169 736 1487 796; baseline -0.005 -13"><span class='ocrx_word' id='word_1_81' title='bbox 169 742 370 796; x_wconf 81' lang='lat' dir='ltr'>AESchyl.</span> <span class='ocrx_word' id='word_1_82' title='bbox 394 743 515 782; x_wconf 82' lang='lat' dir='ltr'>Pers.</span> <span class='ocrx_word' id='word_1_83' title='bbox 535 741 633 781; x_wconf 72' lang='lat'>3³:21.</span> <span class='ocrx_word' id='word_1_84' title='bbox 656 743 814 791; x_wconf 77' lang='grc' dir='ltr'>Νωμῶν,</span> <span class='ocrx_word' id='word_1_85' title='bbox 834 737 901 784; x_wconf 62' lang='grc' dir='ltr'>ἆτ’</span> <span class='ocrx_word' id='word_1_86' title='bbox 923 739 1046 785; x_wconf 79' lang='grc' dir='ltr'>ἐσθλὸς</span> <span class='ocrx_word' id='word_1_87' title='bbox 1068 737 1306 792; x_wconf 59' lang='grc' dir='ltr'>Ἀριόμαρδος</span> <span class='ocrx_word' id='word_1_88' title='bbox 1328 736 1487 790; x_wconf 79' lang='grc' dir='ltr'><em>Σάρδεσι</em></span> 
     </span>
     <span class='ocr_line' id='line_1_13' title="bbox 171 794 1488 853; baseline -0.004 -15"><span class='ocrx_word' id='word_1_89' title='bbox 171 797 301 845; x_wconf 81' lang='grc' dir='ltr'><em>Πένθος</em></span> <span class='ocrx_word' id='word_1_90' title='bbox 334 796 561 853; x_wconf 62' lang='grc' dir='ltr'>παρασχών.</span> <span class='ocrx_word' id='word_1_91' title='bbox 622 796 910 836; x_wconf 86' lang='lat' dir='ltr'>Ariomardus</span> <span class='ocrx_word' id='word_1_92' title='bbox 951 809 1085 848; x_wconf 87' lang='lat' dir='ltr'>supra</span> <span class='ocrx_word' id='word_1_93' title='bbox 1120 796 1190 835; x_wconf 63' lang='lat'>33.</span> <span class='ocrx_word' id='word_1_94' title='bbox 1235 794 1488 834; x_wconf 84' lang='lat' dir='ltr'>Thebarum</span> 
     </span>
     <span class='ocr_line' id='line_1_14' title="bbox 169 852 1489 907; baseline -0.005 -11"><span class='ocrx_word' id='word_1_95' title='bbox 169 855 409 907; x_wconf 81' lang='lat' dir='ltr'>praefectus</span> <span class='ocrx_word' id='word_1_96' title='bbox 443 860 549 894; x_wconf 87' lang='lat' dir='ltr'>erat.</span> <span class='ocrx_word' id='word_1_97' title='bbox 610 853 698 893; x_wconf 86' lang='lat' dir='ltr'>Cur</span> <span class='ocrx_word' id='word_1_98' title='bbox 733 853 862 902; x_wconf 69' lang='lat' dir='ltr'>igitur</span> <span class='ocrx_word' id='word_1_99' title='bbox 895 853 1102 892; x_wconf 82' lang='lat' dir='ltr'>Sardibus</span> <span class='ocrx_word' id='word_1_100' title='bbox 1132 852 1339 891; x_wconf 84' lang='lat' dir='ltr'>luctuosa</span> <span class='ocrx_word' id='word_1_101' title='bbox 1370 854 1489 890; x_wconf 88' lang='lat' dir='ltr'>esset</span> 
     </span>
     <span class='ocr_line' id='line_1_15' title="bbox 171 905 1488 963; baseline -0.004 -12"><span class='ocrx_word' id='word_1_102' title='bbox 171 911 269 963; x_wconf 86' lang='lat' dir='ltr'>ejus</span> <span class='ocrx_word' id='word_1_103' title='bbox 289 912 433 951; x_wconf 67' lang='lat' dir='ltr'>mors?</span> <span class='ocrx_word' id='word_1_104' title='bbox 498 910 616 958; x_wconf 88' lang='lat' dir='ltr'>Hoc,</span> <span class='ocrx_word' id='word_1_105' title='bbox 638 912 684 948; x_wconf 86' lang='lat' dir='ltr'>ut</span> <span class='ocrx_word' id='word_1_106' title='bbox 702 910 870 960; x_wconf 82' lang='lat' dir='ltr'>opinor,</span> <span class='ocrx_word' id='word_1_107' title='bbox 895 910 1086 948; x_wconf 84' lang='lat' dir='ltr'>sentiens</span> <span class='ocrx_word' id='word_1_108' title='bbox 1109 907 1387 947; x_wconf 86' lang='lat' dir='ltr'>Scholiastes</span> <span class='ocrx_word' id='word_1_109' title='bbox 1410 905 1488 946; x_wconf 88' lang='lat' dir='ltr'>ad-</span> 
     </span>
     <span class='ocr_line' id='line_1_16' title="bbox 169 963 1486 1021; baseline -0.004 -14"><span class='ocrx_word' id='word_1_110' title='bbox 169 967 247 1017; x_wconf 81' lang='lat' dir='ltr'>dit,</span> <span class='ocrx_word' id='word_1_111' title='bbox 280 967 410 1021; x_wconf 69' lang='grc' dir='ltr'>πατρῖς</span> <span class='ocrx_word' id='word_1_112' title='bbox 443 968 521 1021; x_wconf 61' lang='grc' dir='ltr'>γὰρ</span> <span class='ocrx_word' id='word_1_113' title='bbox 552 970 589 1005; x_wconf 84' lang='grc' dir='ltr'>αῖ</span> <span class='ocrx_word' id='word_1_114' title='bbox 622 965 773 1019; x_wconf 63' lang='grc' dir='ltr'>Σάρδεις</span> <span class='ocrx_word' id='word_1_115' title='bbox 807 967 920 1018; x_wconf 73' lang='grc' dir='ltr'>αὐτῷ.</span> <span class='ocrx_word' id='word_1_116' title='bbox 979 964 1065 1004; x_wconf 85' lang='lat' dir='ltr'>Sed</span> <span class='ocrx_word' id='word_1_117' title='bbox 1097 965 1244 1016; x_wconf 77' lang='lat' dir='ltr'>potius</span> <span class='ocrx_word' id='word_1_118' title='bbox 1276 963 1486 1002; x_wconf 78' lang='lat' dir='ltr'>existimo</span> 
     </span>
     <span class='ocr_line' id='line_1_17' title="bbox 169 1020 1487 1074; baseline -0.003 -12"><span class='ocrx_word' id='word_1_119' title='bbox 169 1036 340 1064; x_wconf 80' lang='lat' dir='ltr'>versum</span> <span class='ocrx_word' id='word_1_120' title='bbox 363 1036 493 1063; x_wconf 88' lang='lat' dir='ltr'>unum</span> <span class='ocrx_word' id='word_1_121' title='bbox 515 1023 585 1063; x_wconf 90' lang='lat' dir='ltr'>vel</span> <span class='ocrx_word' id='word_1_122' title='bbox 608 1022 757 1074; x_wconf 88' lang='lat' dir='ltr'>plures</span> <span class='ocrx_word' id='word_1_123' title='bbox 780 1021 1013 1069; x_wconf 81' lang='lat' dir='ltr'>excidisse,</span> <span class='ocrx_word' id='word_1_124' title='bbox 1044 1021 1121 1060; x_wconf 90' lang='lat' dir='ltr'>ubi</span> <span class='ocrx_word' id='word_1_125' title='bbox 1155 1020 1357 1060; x_wconf 69' lang='lat' dir='ltr'>Sardium</span> <span class='ocrx_word' id='word_1_126' title='bbox 1378 1031 1487 1072; x_wconf 85' lang='lat' dir='ltr'>prae-</span> 
     </span>
     <span class='ocr_line' id='line_1_18' title="bbox 171 1076 1486 1129; baseline -0.004 -10"><span class='ocrx_word' id='word_1_127' title='bbox 171 1080 331 1126; x_wconf 86' lang='lat' dir='ltr'>sectus,</span> <span class='ocrx_word' id='word_1_128' title='bbox 352 1080 546 1119; x_wconf 82' lang='lat' dir='ltr'>fortasse</span> <span class='ocrx_word' id='word_1_129' title='bbox 571 1077 861 1129; x_wconf 82' lang='lat' dir='ltr'>Mitragathes</span> <span class='ocrx_word' id='word_1_130' title='bbox 882 1078 953 1116; x_wconf 77' lang='lat' dir='ltr'>vel</span> <span class='ocrx_word' id='word_1_131' title='bbox 973 1077 1160 1124; x_wconf 78' lang='lat' dir='ltr'>Arcens,</span> <span class='ocrx_word' id='word_1_132' title='bbox 1182 1076 1486 1115; x_wconf 82' lang='lat' dir='ltr'>nominaretur.</span> 
     </span>
    </p>

    <p class='ocr_par' dir='ltr' id='par_1_4' title="bbox 285 1132 1184 1187">
     <span class='ocr_line' id='line_1_19' title="bbox 285 1132 1184 1187; baseline -0.006 -12"><span class='ocrx_word' id='word_1_133' title='bbox 285 1140 445 1186; x_wconf 81' lang='grc' dir='ltr'>Νωμῶν,</span> <span class='ocrx_word' id='word_1_134' title='bbox 469 1133 534 1183; x_wconf 58' lang='grc' dir='ltr'>ἆτ’</span> <span class='ocrx_word' id='word_1_135' title='bbox 557 1134 682 1182; x_wconf 75' lang='grc' dir='ltr'>ἐσθλὸς</span> <span class='ocrx_word' id='word_1_136' title='bbox 703 1132 938 1187; x_wconf 54' lang='grc' dir='ltr'>Ἀριόμαρδος</span> <span class='ocrx_word' id='word_1_137' title='bbox 959 1136 1184 1171; x_wconf 80' lang='grc' dir='ltr'><em>ΑΡΔΕΩΝ</em></span> 
     </span>
    </p>

    <p class='ocr_par' dir='ltr' id='par_1_5' title="bbox 285 1186 1348 1242">
     <span class='ocr_line' id='line_1_20' title="bbox 285 1186 1348 1242; baseline -0.004 -12"><span class='ocrx_word' id='word_1_138' title='bbox 285 1192 1114 1232; x_wconf 70' lang='lat' dir='ltr'><em>BOAAICJHICTOCMITPAFA&amp;HCTE</em></span> <span class='ocrx_word' id='word_1_139' title='bbox 1146 1186 1348 1242; x_wconf 74' lang='grc' dir='ltr'>ΣάρδεσιΝ</span> 
     </span>
    </p>

    <p class='ocr_par' dir='ltr' id='par_1_6' title="bbox 171 1246 1487 1412">
     <span class='ocr_line' id='line_1_21' title="bbox 285 1246 659 1301; baseline -0.005 -14"><span class='ocrx_word' id='word_1_140' title='bbox 285 1247 416 1294; x_wconf 77' lang='grc' dir='ltr'><em>Πένθος</em></span> <span class='ocrx_word' id='word_1_141' title='bbox 434 1246 659 1301; x_wconf 63' lang='grc' dir='ltr'>παρασχών.</span> 
     </span>
     <span class='ocr_line' id='line_1_22' title="bbox 171 1299 1487 1357; baseline -0.003 -13"><span class='ocrx_word' id='word_1_142' title='bbox 171 1304 366 1357; x_wconf 85' lang='lat' dir='ltr'>Expleat</span> <span class='ocrx_word' id='word_1_143' title='bbox 385 1304 562 1351; x_wconf 79' lang='lat' dir='ltr'>hiatum,</span> <span class='ocrx_word' id='word_1_144' title='bbox 585 1304 623 1343; x_wconf 87' lang='lat' dir='ltr'>si</span> <span class='ocrx_word' id='word_1_145' title='bbox 645 1308 804 1355; x_wconf 85' lang='lat' dir='ltr'>potest,</span> <span class='ocrx_word' id='word_1_146' title='bbox 825 1314 965 1354; x_wconf 84' lang='lat' dir='ltr'>sagax</span> <span class='ocrx_word' id='word_1_147' title='bbox 995 1301 1162 1351; x_wconf 88' lang='lat' dir='ltr'>leetor;</span> <span class='ocrx_word' id='word_1_148' title='bbox 1193 1300 1270 1340; x_wconf 91' lang='lat' dir='ltr'>sed</span> <span class='ocrx_word' id='word_1_149' title='bbox 1291 1299 1336 1340; x_wconf 92' lang='lat' dir='ltr'>id</span> <span class='ocrx_word' id='word_1_150' title='bbox 1357 1300 1487 1340; x_wconf 86' lang='lat' dir='ltr'>simul</span> 
     </span>
     <span class='ocr_line' id='line_1_23' title="bbox 174 1357 1272 1412; baseline -0.005 -11"><span class='ocrx_word' id='word_1_151' title='bbox 174 1364 309 1409; x_wconf 82' lang='lat' dir='ltr'>curet,</span> <span class='ocrx_word' id='word_1_152' title='bbox 332 1365 378 1400; x_wconf 89' lang='lat' dir='ltr'>ut</span> <span class='ocrx_word' id='word_1_153' title='bbox 397 1360 579 1400; x_wconf 85' lang='lat' dir='ltr'>verbum</span> <span class='ocrx_word' id='word_1_154' title='bbox 599 1357 835 1412; x_wconf 65' lang='grc' dir='ltr'>Ἀριόμαρδος</span> <span class='ocrx_word' id='word_1_155' title='bbox 858 1358 1025 1398; x_wconf 86' lang='lat' dir='ltr'>vocalis</span> <span class='ocrx_word' id='word_1_156' title='bbox 1048 1362 1272 1409; x_wconf 86' lang='lat' dir='ltr'>sequatur.</span> 
     </span>
    </p>

    <p class='ocr_par' dir='ltr' id='par_1_7' title="bbox 286 1412 1542 1470">
     <span class='ocr_line' id='line_1_24' title="bbox 286 1412 1542 1470; baseline -0.006 -13"><span class='ocrx_word' id='word_1_157' title='bbox 286 1416 463 1470; x_wconf 79' lang='lat' dir='ltr'>[xxxvi]</span> <span class='ocrx_word' id='word_1_158' title='bbox 510 1415 662 1455; x_wconf 84' lang='lat' dir='ltr'><strong>AESCh.</strong></span> <span class='ocrx_word' id='word_1_159' title='bbox 700 1415 857 1468; x_wconf 79' lang='lat' dir='ltr'>Suppl.</span> <span class='ocrx_word' id='word_1_160' title='bbox 893 1414 992 1454; x_wconf 70' lang='grc'><strong>206.</strong></span> <span class='ocrx_word' id='word_1_161' title='bbox 1039 1415 1085 1451; x_wconf 84' lang='grc' dir='ltr'>Τὸ</span> <span class='ocrx_word' id='word_1_162' title='bbox 1113 1415 1161 1463; x_wconf 87' lang='grc' dir='ltr'>μὴ</span> <span class='ocrx_word' id='word_1_163' title='bbox 1193 1412 1352 1463; x_wconf 77' lang='grc' dir='ltr'>μάταιον</span> <span class='ocrx_word' id='word_1_164' title='bbox 1384 1413 1411 1450; x_wconf 83' lang='grc' dir='ltr'>δ’</span> <span class='ocrx_word' id='word_1_165' title='bbox 1448 1412 1488 1450; x_wconf 78' lang='grc' dir='ltr'>ἐκ</span> <span class='ocrx_word' id='word_1_166' title='bbox 1538 1437 1542 1442; x_wconf 87' lang='grc'><strong>-</strong></span> 
     </span>
    </p>

    <p class='ocr_par' dir='ltr' id='par_1_8' title="bbox 562 1469 1332 1580">
     <span class='ocr_line' id='line_1_25' title="bbox 686 1469 1070 1522; baseline -0.003 -13"><span class='ocrx_word' id='word_1_167' title='bbox 686 1470 862 1521; x_wconf 78' lang='grc' dir='ltr'><em>μετώπων</em></span> <span class='ocrx_word' id='word_1_168' title='bbox 881 1469 1070 1522; x_wconf 78' lang='grc' dir='ltr'>σωφρόνων</span> 
     </span>
     <span class='ocr_line' id='line_1_26' title="bbox 562 1523 1332 1580; baseline -0.003 -15"><span class='ocrx_word' id='word_1_169' title='bbox 562 1525 655 1565; x_wconf 75' lang='grc' dir='ltr'>Ἴτω</span> <span class='ocrx_word' id='word_1_170' title='bbox 673 1524 863 1580; x_wconf 76' lang='grc' dir='ltr'>πρόσωπον</span> <span class='ocrx_word' id='word_1_171' title='bbox 880 1524 1047 1576; x_wconf 74' lang='grc' dir='ltr'>ὄμματος</span> <span class='ocrx_word' id='word_1_172' title='bbox 1066 1523 1154 1579; x_wconf 77' lang='grc' dir='ltr'>παρ’</span> <span class='ocrx_word' id='word_1_173' title='bbox 1173 1523 1332 1578; x_wconf 80' lang='grc' dir='ltr'>ἡσύχου.</span> 
     </span>
    </p>

    <p class='ocr_par' dir='ltr' id='par_1_9' title="bbox 171 1579 1490 2349">
     <span class='ocr_line' id='line_1_27' title="bbox 173 1579 1490 1636; baseline -0.002 -13"><span class='ocrx_word' id='word_1_174' title='bbox 173 1583 305 1624; x_wconf 84' lang='lat' dir='ltr'>Bella</span> <span class='ocrx_word' id='word_1_175' title='bbox 325 1596 432 1624; x_wconf 80' lang='lat' dir='ltr'>sane</span> <span class='ocrx_word' id='word_1_176' title='bbox 453 1584 635 1630; x_wconf 71' lang='lat' dir='ltr'>locutio,</span> <span class='ocrx_word' id='word_1_177' title='bbox 658 1580 744 1621; x_wconf 72' lang='grc' dir='ltr'>ἰέναι</span> <span class='ocrx_word' id='word_1_178' title='bbox 764 1581 954 1636; x_wconf 78' lang='grc' dir='ltr'>πρόσωπον</span> <span class='ocrx_word' id='word_1_179' title='bbox 977 1582 1016 1619; x_wconf 73' lang='grc' dir='ltr'>ἐκ</span> <span class='ocrx_word' id='word_1_180' title='bbox 1034 1580 1210 1632; x_wconf 73' lang='grc' dir='ltr'>μετώπων</span> <span class='ocrx_word' id='word_1_181' title='bbox 1226 1581 1297 1621; x_wconf 83' lang='lat' dir='ltr'>vel</span> <span class='ocrx_word' id='word_1_182' title='bbox 1313 1582 1399 1635; x_wconf 78' lang='grc' dir='ltr'>παρ’</span> <span class='ocrx_word' id='word_1_183' title='bbox 1422 1579 1490 1632; x_wconf 76' lang='grc' dir='ltr'>ὅμ-</span> 
     </span>
     <span class='ocr_line' id='line_1_28' title="bbox 171 1637 1490 1693; baseline 0.001 -16"><span class='ocrx_word' id='word_1_184' title='bbox 171 1654 305 1690; x_wconf 75' lang='grc' dir='ltr'>ματος.</span> <span class='ocrx_word' id='word_1_185' title='bbox 365 1639 549 1679; x_wconf 86' lang='lat' dir='ltr'>Notavit</span> <span class='ocrx_word' id='word_1_186' title='bbox 569 1639 819 1687; x_wconf 83' lang='lat' dir='ltr'>Schutzius,</span> <span class='ocrx_word' id='word_1_187' title='bbox 848 1637 1051 1693; x_wconf 59' lang='grc' dir='ltr'>προσώπων</span> <span class='ocrx_word' id='word_1_188' title='bbox 1083 1638 1238 1677; x_wconf 86' lang='lat' dir='ltr'>habere</span> <span class='ocrx_word' id='word_1_189' title='bbox 1260 1637 1490 1678; x_wconf 88' lang='lat' dir='ltr'>Robortel-</span> 
     </span>
     <span class='ocr_line' id='line_1_29' title="bbox 171 1693 1488 1747; baseline -0.002 -12"><span class='ocrx_word' id='word_1_190' title='bbox 171 1696 277 1735; x_wconf 90' lang='lat' dir='ltr'>lum.</span> <span class='ocrx_word' id='word_1_191' title='bbox 356 1696 442 1736; x_wconf 85' lang='lat' dir='ltr'>Sed</span> <span class='ocrx_word' id='word_1_192' title='bbox 479 1708 558 1747; x_wconf 87' lang='lat' dir='ltr'>pro</span> <span class='ocrx_word' id='word_1_193' title='bbox 597 1707 678 1734; x_wconf 87' lang='lat' dir='ltr'>sua</span> <span class='ocrx_word' id='word_1_194' title='bbox 713 1694 943 1745; x_wconf 86' lang='lat' dir='ltr'>diligentia</span> <span class='ocrx_word' id='word_1_195' title='bbox 974 1706 1060 1733; x_wconf 89' lang='lat' dir='ltr'>non</span> <span class='ocrx_word' id='word_1_196' title='bbox 1093 1694 1278 1742; x_wconf 82' lang='lat' dir='ltr'>notavit,</span> <span class='ocrx_word' id='word_1_197' title='bbox 1320 1693 1488 1734; x_wconf 88' lang='lat' dir='ltr'>Aldum</span> 
     </span>
     <span class='ocr_line' id='line_1_30' title="bbox 174 1747 1490 1804; baseline -0.001 -13"><span class='ocrx_word' id='word_1_198' title='bbox 174 1750 350 1791; x_wconf 80' lang='lat' dir='ltr'>dedisse</span> <span class='ocrx_word' id='word_1_199' title='bbox 373 1753 414 1790; x_wconf 81' lang='grc' dir='ltr'>ἐκ</span> <span class='ocrx_word' id='word_1_200' title='bbox 434 1749 581 1801; x_wconf 78' lang='grc' dir='ltr'>μετόπω</span> <span class='ocrx_word' id='word_1_201' title='bbox 603 1753 798 1803; x_wconf 75' lang='grc' dir='ltr'>σωφρονῶν</span> <span class='ocrx_word' id='word_1_202' title='bbox 817 1747 883 1788; x_wconf 72' lang='grc' dir='ltr'>’ἴτω</span> <span class='ocrx_word' id='word_1_203' title='bbox 901 1748 1119 1804; x_wconf 64' lang='grc' dir='ltr'>προσώπων,</span> <span class='ocrx_word' id='word_1_204' title='bbox 1155 1763 1254 1802; x_wconf 87' lang='lat' dir='ltr'>quae</span> <span class='ocrx_word' id='word_1_205' title='bbox 1286 1762 1390 1789; x_wconf 81' lang='lat' dir='ltr'>Vera</span> <span class='ocrx_word' id='word_1_206' title='bbox 1422 1755 1490 1790; x_wconf 84' lang='lat' dir='ltr'>est</span> 
     </span>
     <span class='ocr_line' id='line_1_31' title="bbox 171 1805 1489 1857; baseline -0.001 -11"><span class='ocrx_word' id='word_1_207' title='bbox 171 1807 322 1855; x_wconf 81' lang='lat' dir='ltr'>lectio,</span> <span class='ocrx_word' id='word_1_208' title='bbox 357 1807 490 1847; x_wconf 89' lang='lat' dir='ltr'>modo</span> <span class='ocrx_word' id='word_1_209' title='bbox 513 1810 791 1857; x_wconf 80' lang='lat' dir='ltr'>cognatarum</span> <span class='ocrx_word' id='word_1_210' title='bbox 814 1807 1033 1846; x_wconf 86' lang='lat' dir='ltr'>vocalium</span> <span class='ocrx_word' id='word_1_211' title='bbox 1055 1805 1203 1845; x_wconf 86' lang='lat' dir='ltr'>sedem</span> <span class='ocrx_word' id='word_1_212' title='bbox 1226 1809 1377 1846; x_wconf 87' lang='lat' dir='ltr'>mutes.</span> <span class='ocrx_word' id='word_1_213' title='bbox 1441 1806 1489 1845; x_wconf 72' lang='grc' dir='ltr'>Τὸ</span> 
     </span>
     <span class='ocr_line' id='line_1_32' title="bbox 173 1859 1487 1916; baseline 0 -15"><span class='ocrx_word' id='word_1_214' title='bbox 173 1863 224 1913; x_wconf 82' lang='grc' dir='ltr'>μὴ</span> <span class='ocrx_word' id='word_1_215' title='bbox 245 1861 404 1913; x_wconf 80' lang='grc' dir='ltr'>μάταιον</span> <span class='ocrx_word' id='word_1_216' title='bbox 423 1862 452 1901; x_wconf 84' lang='grc' dir='ltr'>δ’</span> <span class='ocrx_word' id='word_1_217' title='bbox 473 1864 513 1900; x_wconf 80' lang='grc' dir='ltr'>ἐκ</span> <span class='ocrx_word' id='word_1_218' title='bbox 533 1859 878 1916; x_wconf 60' lang='grc' dir='ltr'>μετωποσωφρόνων</span> <span class='ocrx_word' id='word_1_219' title='bbox 890 1866 980 1900; x_wconf 72' lang='lat' dir='ltr'>&#39;&#39;I-rw</span> <span class='ocrx_word' id='word_1_220' title='bbox 1000 1860 1199 1915; x_wconf 79' lang='grc' dir='ltr'>προσώπων</span> <span class='ocrx_word' id='word_1_221' title='bbox 1215 1859 1382 1913; x_wconf 70' lang='grc' dir='ltr'>ὄμματος</span> <span class='ocrx_word' id='word_1_222' title='bbox 1401 1863 1487 1916; x_wconf 80' lang='grc' dir='ltr'>παρ’</span> 
     </span>
     <span class='ocr_line' id='line_1_33' title="bbox 174 1916 1488 1972; baseline 0 -16"><span class='ocrx_word' id='word_1_223' title='bbox 174 1918 335 1972; x_wconf 71' lang='grc' dir='ltr'>ἡσύχου.</span> <span class='ocrx_word' id='word_1_224' title='bbox 395 1919 567 1959; x_wconf 76' lang='lat' dir='ltr'>Dicitur</span> <span class='ocrx_word' id='word_1_225' title='bbox 592 1924 735 1958; x_wconf 80' lang='lat' dir='ltr'>autem</span> <span class='ocrx_word' id='word_1_226' title='bbox 766 1916 943 1971; x_wconf 78' lang='grc' dir='ltr'>πρόσωπα</span> <span class='ocrx_word' id='word_1_227' title='bbox 963 1916 1294 1971; x_wconf 64' lang='grc' dir='ltr'>μετωποσώφςονα,</span> <span class='ocrx_word' id='word_1_228' title='bbox 1314 1923 1361 1958; x_wconf 83' lang='lat' dir='ltr'>ut</span> <span class='ocrx_word' id='word_1_229' title='bbox 1382 1917 1488 1967; x_wconf 84' lang='grc' dir='ltr'><em>εὐπῆ-</em></span> 
     </span>
     <span class='ocr_line' id='line_1_34' title="bbox 172 1973 1488 2027; baseline 0.002 -15"><span class='ocrx_word' id='word_1_230' title='bbox 172 1990 258 2027; x_wconf 78' lang='grc' dir='ltr'>χεις</span> <span class='ocrx_word' id='word_1_231' title='bbox 284 1975 408 2027; x_wconf 71' lang='grc' dir='ltr'><em>χεῖρες</em></span> <span class='ocrx_word' id='word_1_232' title='bbox 444 1987 470 2014; x_wconf 82' lang='lat' dir='ltr'>a</span> <span class='ocrx_word' id='word_1_233' title='bbox 506 1973 671 2014; x_wconf 83' lang='lat' dir='ltr'>Nostro</span> <span class='ocrx_word' id='word_1_234' title='bbox 711 1974 850 2026; x_wconf 82' lang='lat' dir='ltr'>Hipp.</span> <span class='ocrx_word' id='word_1_235' title='bbox 885 1974 986 2014; x_wconf 75' lang='grc'><strong>201.</strong></span> <span class='ocrx_word' id='word_1_236' title='bbox 1023 1975 1265 2027; x_wconf 78' lang='grc' dir='ltr'><em>καλλίχειρες</em></span> <span class='ocrx_word' id='word_1_237' title='bbox 1295 1973 1425 2013; x_wconf 56' lang='lat' dir='ltr'>alaim</span> <span class='ocrx_word' id='word_1_238' title='bbox 1462 1988 1488 2014; x_wconf 82' lang='lat' dir='ltr'>a</span> 
     </span>
     <span class='ocr_line' id='line_1_35' title="bbox 177 2028 1490 2083; baseline 0 -13"><span class='ocrx_word' id='word_1_239' title='bbox 177 2030 461 2070; x_wconf 84' lang='lat' dir='ltr'>Chaeremone</span> <span class='ocrx_word' id='word_1_240' title='bbox 492 2029 608 2081; x_wconf 87' lang='lat' dir='ltr'>apud</span> <span class='ocrx_word' id='word_1_241' title='bbox 645 2028 802 2069; x_wconf 88' lang='lat' dir='ltr'>Athen.</span> <span class='ocrx_word' id='word_1_242' title='bbox 823 2030 985 2081; x_wconf 43' lang='lat' dir='ltr'>xiiisp.</span> <span class='ocrx_word' id='word_1_243' title='bbox 1006 2030 1103 2070; x_wconf 81' lang='lat'><strong>608.</strong></span> <span class='ocrx_word' id='word_1_244' title='bbox 1125 2031 1179 2069; x_wconf 83' lang='grc' dir='ltr'>Β.</span> <span class='ocrx_word' id='word_1_245' title='bbox 1211 2035 1256 2069; x_wconf 89' lang='lat' dir='ltr'>et</span> <span class='ocrx_word' id='word_1_246' title='bbox 1275 2031 1398 2083; x_wconf 83' lang='lat' dir='ltr'>plura</span> <span class='ocrx_word' id='word_1_247' title='bbox 1429 2032 1490 2070; x_wconf 84' lang='lat' dir='ltr'>si-</span> 
     </span>
     <span class='ocr_line' id='line_1_36' title="bbox 174 2083 1488 2139; baseline 0 -13"><span class='ocrx_word' id='word_1_248' title='bbox 174 2086 313 2126; x_wconf 83' lang='lat' dir='ltr'>milia.</span> <span class='ocrx_word' id='word_1_249' title='bbox 373 2085 425 2125; x_wconf 87' lang='lat' dir='ltr'>In</span> <span class='ocrx_word' id='word_1_250' title='bbox 446 2085 487 2124; x_wconf 82' lang='grc' dir='ltr'>τὸ</span> <span class='ocrx_word' id='word_1_251' title='bbox 506 2087 556 2136; x_wconf 84' lang='grc' dir='ltr'>μὴ</span> <span class='ocrx_word' id='word_1_252' title='bbox 577 2083 736 2135; x_wconf 77' lang='grc' dir='ltr'>μάταιον</span> <span class='ocrx_word' id='word_1_253' title='bbox 756 2086 1008 2136; x_wconf 73' lang='lat' dir='ltr'>intelligitur</span> <span class='ocrx_word' id='word_1_254' title='bbox 1040 2083 1175 2133; x_wconf 80' lang='grc' dir='ltr'>βλέπος</span> <span class='ocrx_word' id='word_1_255' title='bbox 1206 2090 1281 2126; x_wconf 82' lang='lat' dir='ltr'>aut</span> <span class='ocrx_word' id='word_1_256' title='bbox 1307 2087 1488 2139; x_wconf 83' lang='lat' dir='ltr'>aliquod</span> 
     </span>
     <span class='ocr_line' id='line_1_37' title="bbox 176 2141 1487 2197; baseline -0.001 -16"><span class='ocrx_word' id='word_1_257' title='bbox 176 2141 396 2192; x_wconf 83' lang='lat' dir='ltr'>ejusmodi</span> <span class='ocrx_word' id='word_1_258' title='bbox 418 2154 586 2181; x_wconf 89' lang='lat' dir='ltr'>nomen.</span> <span class='ocrx_word' id='word_1_259' title='bbox 646 2141 873 2193; x_wconf 83' lang='lat' dir='ltr'>Aristoph.</span> <span class='ocrx_word' id='word_1_260' title='bbox 897 2141 1155 2182; x_wconf 76' lang='lat' dir='ltr'>Nub.1178.</span> <span class='ocrx_word' id='word_1_261' title='bbox 1175 2142 1264 2180; x_wconf 75' lang='grc' dir='ltr'>Ἐπὶ</span> <span class='ocrx_word' id='word_1_262' title='bbox 1288 2145 1351 2181; x_wconf 83' lang='grc' dir='ltr'>τοῦ</span> <span class='ocrx_word' id='word_1_263' title='bbox 1371 2157 1487 2197; x_wconf 59' lang='grc' dir='ltr'>προσ--</span> 
     </span>
     <span class='ocr_line' id='line_1_38' title="bbox 177 2195 1488 2245; baseline 0.002 -9"><span class='ocrx_word' id='word_1_264' title='bbox 177 2196 273 2236; x_wconf 63' lang='lat' dir='ltr'>damu</span> <span class='ocrx_word' id='word_1_265' title='bbox 294 2196 329 2235; x_wconf 90' lang='grc' dir='ltr'>τ’</span> <span class='ocrx_word' id='word_1_266' title='bbox 349 2196 449 2235; x_wconf 75' lang='grc' dir='ltr'>ἐστὶν</span> <span class='ocrx_word' id='word_1_267' title='bbox 468 2197 636 2235; x_wconf 81' lang='grc' dir='ltr'>Ἀττικὸν</span> <span class='ocrx_word' id='word_1_268' title='bbox 664 2195 813 2245; x_wconf 79' lang='grc' dir='ltr'>βλέπος.</span> <span class='ocrx_word' id='word_1_269' title='bbox 874 2196 983 2236; x_wconf 87' lang='lat' dir='ltr'>Cum</span> <span class='ocrx_word' id='word_1_270' title='bbox 1020 2197 1238 2237; x_wconf 82' lang='lat' dir='ltr'>modestia</span> <span class='ocrx_word' id='word_1_271' title='bbox 1268 2202 1312 2238; x_wconf 81' lang='lat' dir='ltr'>et</span> <span class='ocrx_word' id='word_1_272' title='bbox 1334 2199 1488 2238; x_wconf 89' lang='lat' dir='ltr'>immo-</span> 
     </span>
     <span class='ocr_line' id='line_1_39' title="bbox 175 2252 1486 2307; baseline 0.002 -15"><span class='ocrx_word' id='word_1_273' title='bbox 175 2253 322 2292; x_wconf 89' lang='lat' dir='ltr'>destia</span> <span class='ocrx_word' id='word_1_274' title='bbox 341 2253 532 2292; x_wconf 85' lang='lat' dir='ltr'>maxime</span> <span class='ocrx_word' id='word_1_275' title='bbox 548 2254 590 2292; x_wconf 90' lang='lat' dir='ltr'>in</span> <span class='ocrx_word' id='word_1_276' title='bbox 607 2253 744 2293; x_wconf 87' lang='lat' dir='ltr'>fronte</span> <span class='ocrx_word' id='word_1_277' title='bbox 761 2259 805 2292; x_wconf 89' lang='lat' dir='ltr'>et</span> <span class='ocrx_word' id='word_1_278' title='bbox 819 2252 961 2292; x_wconf 90' lang='lat' dir='ltr'>oeulis</span> <span class='ocrx_word' id='word_1_279' title='bbox 979 2257 1235 2305; x_wconf 83' lang='lat' dir='ltr'>appareant,</span> <span class='ocrx_word' id='word_1_280' title='bbox 1256 2258 1486 2307; x_wconf 76' lang='lat' dir='ltr'>utrumque</span> 
     </span>
     <span class='ocr_line' id='line_1_40' title="bbox 173 2308 1135 2349; baseline 0.001 -1"><span class='ocrx_word' id='word_1_281' title='bbox 173 2313 215 2349; x_wconf 85' lang='lat' dir='ltr'>et</span> <span class='ocrx_word' id='word_1_282' title='bbox 232 2308 417 2348; x_wconf 89' lang='lat' dir='ltr'>frontem</span> <span class='ocrx_word' id='word_1_283' title='bbox 440 2313 486 2348; x_wconf 88' lang='lat' dir='ltr'>et</span> <span class='ocrx_word' id='word_1_284' title='bbox 505 2308 660 2348; x_wconf 81' lang='lat' dir='ltr'>oculos</span> <span class='ocrx_word' id='word_1_285' title='bbox 681 2309 806 2348; x_wconf 89' lang='lat' dir='ltr'>simul</span> <span class='ocrx_word' id='word_1_286' title='bbox 827 2309 1135 2349; x_wconf 53' lang='lat' dir='ltr'>memoravit*</span> 
     </span>
    </p>
   </div>
   <div class='ocr_carea' id='block_1_3' title="bbox 171 2405 1488 2530">
    <p class='ocr_par' dir='ltr' id='par_1_10' title="bbox 171 2405 1488 2530">
     <span class='ocr_line' id='line_1_41' title="bbox 216 2405 1485 2448; baseline 0.002 -13"><span class='ocrx_word' id='word_1_287' title='bbox 216 2406 234 2423; x_wconf 47' lang='grc' dir='ltr'>θ’</span> <span class='ocrx_word' id='word_1_288' title='bbox 255 2406 294 2436; x_wconf 91' lang='lat' dir='ltr'>In</span> <span class='ocrx_word' id='word_1_289' title='bbox 309 2406 388 2435; x_wconf 89' lang='lat' dir='ltr'>hunc</span> <span class='ocrx_word' id='word_1_290' title='bbox 411 2414 534 2435; x_wconf 85' lang='lat' dir='ltr'>censum</span> <span class='ocrx_word' id='word_1_291' title='bbox 551 2415 614 2435; x_wconf 84' lang='lat' dir='ltr'>non</span> <span class='ocrx_word' id='word_1_292' title='bbox 628 2405 771 2444; x_wconf 83' lang='lat' dir='ltr'>dignatus</span> <span class='ocrx_word' id='word_1_293' title='bbox 787 2415 855 2434; x_wconf 84' lang='lat' dir='ltr'>sum</span> <span class='ocrx_word' id='word_1_294' title='bbox 870 2406 979 2435; x_wconf 81' lang='lat' dir='ltr'>referre</span> <span class='ocrx_word' id='word_1_295' title='bbox 996 2416 1116 2435; x_wconf 86' lang='lat' dir='ltr'>versum</span> <span class='ocrx_word' id='word_1_296' title='bbox 1131 2406 1224 2435; x_wconf 82' lang='lat' dir='ltr'>alium</span> <span class='ocrx_word' id='word_1_297' title='bbox 1242 2407 1386 2448; x_wconf 83' lang='lat' dir='ltr'>AEsohyli</span> <span class='ocrx_word' id='word_1_298' title='bbox 1402 2407 1485 2438; x_wconf 80' lang='lat' dir='ltr'>Cho-</span> 
     </span>
     <span class='ocr_line' id='line_1_42' title="bbox 171 2446 1488 2490; baseline 0 -10"><span class='ocrx_word' id='word_1_299' title='bbox 171 2449 245 2488; x_wconf 47' lang='lat' dir='ltr'>eph.</span> <span class='ocrx_word' id='word_1_300' title='bbox 262 2451 336 2479; x_wconf 88' lang='grc'>508.</span> <span class='ocrx_word' id='word_1_301' title='bbox 362 2447 419 2478; x_wconf 84' lang='grc' dir='ltr'>Καὶ</span> <span class='ocrx_word' id='word_1_302' title='bbox 435 2448 496 2485; x_wconf 82' lang='grc' dir='ltr'>μὴν</span> <span class='ocrx_word' id='word_1_303' title='bbox 510 2447 692 2487; x_wconf 82' lang='grc' dir='ltr'>ἆμόμφητον</span> <span class='ocrx_word' id='word_1_304' title='bbox 707 2446 742 2478; x_wconf 83' lang='grc' dir='ltr'>δέ</span> <span class='ocrx_word' id='word_1_305' title='bbox 754 2459 824 2478; x_wconf 80' lang='grc' dir='ltr'>τινα</span> <span class='ocrx_word' id='word_1_306' title='bbox 837 2447 893 2478; x_wconf 81' lang='grc' dir='ltr'>τὸν</span> <span class='ocrx_word' id='word_1_307' title='bbox 916 2447 1025 2486; x_wconf 81' lang='grc' dir='ltr'>λόγον,</span> <span class='ocrx_word' id='word_1_308' title='bbox 1052 2448 1103 2477; x_wconf 87' lang='lat' dir='ltr'>ubi</span> <span class='ocrx_word' id='word_1_309' title='bbox 1124 2448 1198 2486; x_wconf 73' lang='grc' dir='ltr'>τίμα</span> <span class='ocrx_word' id='word_1_310' title='bbox 1223 2448 1386 2485; x_wconf 81' lang='lat' dir='ltr'>Cantems‚</span> <span class='ocrx_word' id='word_1_311' title='bbox 1409 2451 1488 2490; x_wconf 69' lang='grc' dir='ltr'>τιμᾷ</span> 
     </span>
     <span class='ocr_line' id='line_1_43' title="bbox 173 2490 1486 2530; baseline 0.001 -8"><span class='ocrx_word' id='word_1_312' title='bbox 173 2491 337 2522; x_wconf 74' lang='lat' dir='ltr'>Heathius.</span> <span class='ocrx_word' id='word_1_313' title='bbox 381 2490 544 2520; x_wconf 82' lang='lat' dir='ltr'>Schutzius</span> <span class='ocrx_word' id='word_1_314' title='bbox 557 2500 629 2520; x_wconf 83' lang='lat' dir='ltr'>vero</span> <span class='ocrx_word' id='word_1_315' title='bbox 645 2491 725 2520; x_wconf 85' lang='lat' dir='ltr'>hunc</span> <span class='ocrx_word' id='word_1_316' title='bbox 741 2490 783 2519; x_wconf 83' lang='lat' dir='ltr'>ita</span> <span class='ocrx_word' id='word_1_317' title='bbox 797 2490 952 2525; x_wconf 86' lang='lat' dir='ltr'>emendat,</span> <span class='ocrx_word' id='word_1_318' title='bbox 970 2490 1028 2521; x_wconf 76' lang='grc' dir='ltr'>Καὶ</span> <span class='ocrx_word' id='word_1_319' title='bbox 1043 2490 1104 2528; x_wconf 78' lang='grc' dir='ltr'>μὴν</span> <span class='ocrx_word' id='word_1_320' title='bbox 1113 2490 1237 2530; x_wconf 78' lang='grc' dir='ltr'>ἀμεμφῆ</span> <span class='ocrx_word' id='word_1_321' title='bbox 1248 2490 1338 2527; x_wconf 62' lang='grc' dir='ltr'>τόνδε,</span> <span class='ocrx_word' id='word_1_322' title='bbox 1352 2491 1486 2530; x_wconf 65' lang='grc' dir='ltr'>τιμήσας</span> 
     </span>
    </p>
   </div>
  </div>
 </body>
</html>
