1596 2824
493 528 998 606 ΟΡΕΣΤΗΣ.

70 892 174 942 Ηλ.
216 895 364 945 OTK
390 889 505 944 ’ἐστιν
533 892 580 944 οὐ
609 890 651 944 ἓν
680 889 807 944 δεινὸν
829 891 898 944 οἷδ’
931 894 1059 945 εἰπεῖν
1091 890 1201 955 ἔτι-ος,

147 965 244 1018 οὐδε
275 968 426 1028 πάθος,
454 966 549 1019 οὐδὲ
580 966 797 1038 συμφοξοὶ
824 967 1053 1028 θεήλατος,

149 1040 196 1099 ἧς
221 1039 352 1093 οὐκ
323 1066 375 1094 ow
403 1039 552 1113 ἄραιτ’
579 1039 724 1111 ἄχθος
753 1041 972 1112 οὶνθξωπου
1000 1040 1147 1107 φυσις.

149 1116 171 1166 o‘
199 1115 293 1205 γάξ
313 1118 556 1187 μακάξιος,
583 1116 695 1167 κούκ
723 1114 915 1185 ὀνειδίζω
942 1114 1107 1186 τύχοις,

150 1188 256 1249 Διος
284 1189 500 1256 πεφυκὼς,
529 1192 580 1248 ὦς
609 1188 813 1254 λέγουσι,
843 1191 1103 1251 Τάνταλος,
1384 1208 1412 1243 5

117 1314 137 1343 2
160 1311 306 1352 συμφορὰ
321 1311 494 1346 Lucianus,
518 1311 663 1341 Stobaeus
689 1316 722 1341 et

71 1354 181 1395 *plures
197 1356 280 1384 Mss.
304 1355 444 1394 ξυμφορὰ
462 1354 573 1384 Aldus.

117 1401 148 1429 3.
171 1397 330 1437 ἀνθρώπου
345 1397 419 1427 Ald.
445 1397 532 1427 Stob.
557 1402 590 1427 et
613 1397 723 1437 plures

73 1441 159 1471 Mss.
172 1447 270 1471 recte.
308 1441 371 1471 Sed
387 1440 552 1481 ἀνθρώπων
572 1440 613 1470 R.
629 1445 662 1470 et
677 1440 721 1470 ita

74 1484 248 1520 Lucianus,
274 1489 330 1514 aut
352 1484 443 1520 alius,
466 1483 614 1525 Ocypod.
638 1488 661 1513 t.
676 1482 723 1513 iii.

74 1537 107 1567 p.
122 1530 197 1559 673.
242 1527 310 1557 Hos
324 1532 389 1557 tres
403 1528 525 1568 priores
542 1536 652 1557 versus
676 1526 721 1556 sic

71 1571 231 1600 convertit
247 1570 362 1600 Cicero
376 1570 472 1600 Tusc.
487 1571 530 1600 iv.
546 1573 599 1601 29.
617 1574 636 1587 “
654 1569 721 1599 Ne-

75 1624 136 1653 que
156 1619 221 1643 tam
244 1613 396 1643 terribilis
416 1614 483 1643 ulla
502 1613 598 1644 fando
622 1612 722 1642 oratio

73 1662 133 1692 est,
159 1657 228 1687 Nec
244 1657 319 1692 fors,
336 1666 440 1696 neque
456 1657 504 1686 ira
519 1656 658 1686 caelitum
672 1656 721 1685 in—

73 1704 202 1730 vectum
212 1700 341 1735 malum,
355 1699 451 1736 Quod
460 1709 525 1729 non
538 1705 651 1729 natura
663 1699 720 1729 hu-

73 1753 167 1773 mana
177 1742 328 1783 patiendo
340 1743 421 1773 ferat
434 1741 464 1780 ;’'
485 1753 555 1782 quae
570 1743 722 1783 pleraque

74 1785 239 1826 adoptavit
253 1785 387 1816 Grotius
407 1786 441 1816 in
464 1786 589 1815 Stobaeo
612 1795 670 1815 suo
690 1795 722 1825 p.

74 1832 150 1860 408.
196 1829 235 1859 In
258 1829 360 1869 primo
379 1839 473 1858 versu
495 1829 577 1858 male
594 1828 721 1859 Cicero-

75 1882 150 1902 nem
189 1872 428 1912 reprehendunt
464 1872 613 1902 Muretus
643 1871 720 1901 Var.

75 1915 165 1945 Lect.
195 1915 263 1945 viii.
293 1917 344 1946 16.
368 1914 555 1955 Leopardus
585 1914 719 1945 Emend.

74 1958 143 1988 viii.
159 1961 212 1989 21.
235 1958 265 1988 Ii
286 1958 409 1988 scilicet
432 1958 580 1994 reddunt,
610 1963 618 1975 ‘
632 1957 720 1987 Nihil

76 2006 141 2031 tam
166 2001 306 2031 terribile
327 2006 388 2036 est,
414 2006 451 2031 ut
474 2001 569 2030 verbo
595 2000 721 2035 (Ιίςιιιῐι,7

74 2044 161 2083 quod
172 2049 268 2080 esset,
287 2044 327 2076 ὣς
338 2043 436 2075 εἰπεῖν
447 2043 530 2075 ἔπος.
554 2044 616 2074 Sed
628 2049 634 2061 ‘
645 2043 719 2073 sors'

75 2097 140 2117 non
155 2087 236 2118 bene
252 2087 403 2128 exprimit
416 2086 524 2120 πάθος,
542 2087 649 2127 [Beue
665 2097 719 2117 ex-

76 2130 186 2169 primit
210 2133 319 2166 ‘sors,'
345 2130 430 2170 quod
452 2131 492 2160 al.
514 2130 547 2160 in
565 2130 720 2161 Cicerone

71 2173 142 2214 jure
158 2173 326 2204 dederunt.
370 2174 514 2203 Tertium
528 2184 655 2203 versum
667 2172 721 2203 Ci-

76 2226 149 2246 cero
166 2216 295 2247 liberius
308 2227 368 2246 nec
384 2217 465 2246 male
480 2217 589 2246 vertit.
613 2218 654 2247 G.
672 2216 718 2246 H.

77 2258 132 2298 S.]
149 2266 181 2289 ct
195 2260 228 2289 in
243 2260 334 2290 tertio
350 2270 441 2289 versu
458 2259 592 2289 debebat
604 2260 718 2299 potum,

76 2306 84 2319 ‘
102 2301 201 2344 Cujus
216 2313 294 2332 onus
310 2312 374 2333 non
388 2302 500 2333 tollere
516 2307 643 2343 cogatur
662 2304 718 2332 hu-

78 2355 168 2375 mana
182 2345 316 2375 natura)

120 2392 150 2418 5.
176 2388 269 2418 Hunc
286 2399 411 2418 versum
429 2388 586 2428 integrum
608 2388 722 2418 sumsit

77 2429 232 2461 Nicolaus
239 2431 388 2462 Comicus
395 2432 479 2471 apud
488 2431 647 2461 Stobaeum
657 2432 721 2461 xiv·

78 2484 110 2513 p.
126 2477 177 2505 85.
193 2474 240 2504 edv
259 2474 351 2505 Grot.
366 2479 398 2504 et
413 2474 579 2504 dimidium
593 2474 721 2505 decimi.

78 2515 131 2546 De
152 2517 279 2548 Tantali
302 2528 395 2558 poena
419 2518 473 2547 alii
496 2517 559 2547 alia
582 2522 720 2549 minant.

79 2558 226 2600 Plerique
237 2561 343 2590 cibum
354 2565 387 2590 et
396 2565 503 2600 potum
515 2570 639 2600 semper
650 2571 719 2601 pro-

79 2611 119 2642 pe
134 2602 246 2633 adesse
258 2604 358 2639 aiunt,
374 2614 444 2643 quae
454 2602 580 2643 quoties
596 2608 720 2644 gustare

79 2650 221 2684 conatur,
237 2646 321 2678 labia
335 2646 403 2688 ejus
417 2647 470 2676 vel
485 2656 597 2678 manus
611 2646 723 2688 effugi-

767 1316 834 1341 unt.
879 1310 919 1340 In
943 1311 1002 1341 hoc
1018 1310 1171 1353 Odysseae
1186 1312 1333 1353 vulgatas
1348 1312 1418 1345 ediv

765 1354 869 1383 tiones
881 1359 1058 1394 sequuntur
1070 1365 1078 1392 5
1088 1355 1146 1384 sed
1155 1355 1253 1386 istum
1263 1356 1368 1386 locum
1380 1362 1417 1387 ut

766 1397 909 1436 spurium
925 1397 1019 1438 ejecit
1034 1397 1250 1434 Aristarchus,
1274 1403 1415 1430 testante

766 1439 895 1470 Pindari
910 1440 1098 1471 Scholiaste.
1141 1441 1184 1472 Et
1209 1441 1353 1482 profecto
1368 1442 1418 1472 vi-

765 1482 881 1513 dentur
895 1483 1002 1514 omnia
1023 1484 1086 1514 ista
1096 1484 1160 1516 od.
1176 1489 1211 1515 A.
1228 1486 1415 1517 567—626.

765 1526 869 1565 poe'tae
884 1536 965 1567 opus
978 1537 1048 1557 esse
1061 1527 1202 1558 Homero
1214 1528 1416 1565 recentioris,

765 1569 889 1610 antiqui
903 1575 1022 1600 tamen.
1066 1571 1261 1602 Scholiastes
1272 1571 1416 1602 ineditus

766 1612 806 1642 ad
823 1613 887 1643 Od.
904 1617 939 1643 A.
956 1616 1030 1644 567.
1055 1613 1214 1645 νοθεύεται
1235 1613 1329 1654 μέχρι
1343 1615 1414 1650 τοῦ,

766 1654 807 1686 ὡς
828 1655 920 1687 εἰπὼν
945 1657 962 1687 ὁ
983 1655 1041 1695 μὲν
1056 1655 1139 1689 αὖθις
1155 1657 1209 1688 ἔδυ
1220 1656 1314 1695 δόμον
1328 1656 1415 1689 mos

764 1699 849 1730 ε’ίσω.
875 1699 966 1730 Idem
981 1700 1022 1730 ad
1033 1703 1108 1732 602.
1121 1701 1237 1732 τοῦτον
1252 1699 1310 1731 ὑπὸ
1324 1701 1415 1732 Ὀνο-

765 1741 916 1784 μακρίτου
930 1743 1113 1780 πεποιῆσθαι
1134 1742 1241 1783 φασίν.
1262 1742 1416 1781 ἢθέτηται

766 1785 812 1817 δέ.
859 1785 953 1821 Quod
980 1787 1007 1816 si
1029 1786 1055 1816 is
1079 1786 1304 1818 Onomacritus
1326 1786 1414 1818 idem

767 1834 826 1865 est,
843 1839 938 1868 quem
951 1829 1134 1860 Herodotus
1144 1830 1200 1861 vii.
1211 1832 1244 1861 6.
1257 1834 1363 1861 narrat
1378 1830 1414 1862 in

765 1872 896 1902 exilium
916 1872 955 1902 ab
978 1872 1163 1913 Hipparcho
1185 1878 1302 1909 actum,
1326 1874 1414 1914 quod

765 1915 883 1945 Musaei
898 1916 1025 1946 oracula
1035 1916 1244 1957 interpolat-it,
1267 1917 1414 1957 profecto

760 1958 824 1998 jam
834 1963 903 1988 tum
917 1958 968 1988 hic
984 1960 1073 1988 locus
1088 1960 1122 1989 iu
1138 1959 1328 1999 quibusdam
1342 1959 1412 1990 Ho-

766 2001 844 2031 meri
860 2001 1090 2042 exemplaribus
1106 2002 1266 2033 exstiterit
1278 2012 1412 2034 necesse

764 2050 824 2074 est.
869 2044 944 2074 Non
966 2044 1092 2076 inficior
1106 2045 1266 2085 equidem,
1287 2045 1411 2076 Pausa·-

763 2088 860 2121 niam,
872 2087 961 2128 cujus
972 2088 1068 2118 verba
1078 2098 1151 2118 mox
1159 2089 1328 2138 proferam,
1339 2099 1412 2120 ver-

765 2140 819 2160 sus
836 2131 892 2160 hos
908 2136 943 2160 ut
958 2131 1114 2171 genuinos
1129 2133 1309 2172 agnovisse.
1346 2132 1411 2163 Sed

765 2173 833 2214 ejus
849 2174 1019 2204 auctoritas
1035 2181 1073 2204 eo
1088 2175 1220 2205 minoris
1234 2180 1284 2206 est
1302 2175 1336 2206 in
1351 2175 1411 2205 hu-

758 2216 1092 2257 jusmodiquaestione,
1105 2218 1190 2257 quod
1207 2219 1306 2249 etiam
1319 2218 1411 2260 hym-

763 2269 832 2296 nos,
855 2260 909 2299 qui
933 2259 989 2289 sub
1014 2260 1148 2290 Homeri
1162 2262 1290 2292 nomine
1301 2260 1408 2291 ferun-

764 2307 825 2337 tur,
838 2312 895 2342 pro
919 2303 1068 2342 genuinis
1077 2305 1253 2344 agnoverit.
1297 2303 1411 2336 Poetis

764 2350 870 2375 tamen
882 2345 920 2375 ab
933 2345 1067 2376 Homeri
1085 2351 1178 2377 aetate
1196 2346 1346 2387 proximis
1361 2348 1409 2388 ig-

764 2396 840 2419 nota
855 2398 925 2418 esse
940 2388 980 2417 vi
975 2388 1067 2419 letur
1079 2390 1145 2420 haec
1160 2390 1302 2420 historia.
1333 2388 1412 2421 Pin-

765 2430 860 2461 darus
876 2431 1007 2472 Olymp.
1021 2432 1044 2462 i.
1064 2435 1117 2463 91.
1138 2434 1243 2474 πατηρ
1265 2432 1411 2474 ὑπερκρέ-

766 2485 848 2513 μασε
871 2473 1020 2514 καρτερὸν
1044 2475 1128 2514 αὐτῷ
1150 2475 1252 2515 λίθον,
1274 2475 1331 2508 τὸν
1351 2475 1409 2507 αἰεὶ

766 2519 914 2557 μενοινῶν
924 2518 1066 2556 κεφαλᾶς
1077 2520 1204 2558 βαλειν,
1217 2518 1411 2561 εὐφροσύνας

765 2560 889 2592 ἀλᾶται.
933 2560 1047 2592 Isthm.
1063 2561 1131 2591 viii.
1151 2564 1204 2593 21.
1224 2562 1331 2600 ἐπειδὴ
1355 2563 1411 2594 τὸν

766 2603 841 2644 ὑπὲρ
856 2605 998 2643 κεφαλᾶς
1012 2615 1053 2643 ’γε
1066 2603 1232 2637 Ταντάλου
1247 2604 1336 2637 λίθον
1350 2617 1409 2636 πα

769 2646 807 2688 ρά
822 2658 869 2678 τις
892 2645 1021 2688 ἔτρεψεν
1036 2646 1113 2687 ἄμμι
1127 2647 1206 2681 θεός.
1257 2648 1309 2680 Ad
1324 2649 1410 2691 prio-
