1566 2789
156 71 222 114 xii
364 74 773 110 SUPPhEMENTUM
795 72 861 103 An
884 73 1271 104 PRAEFATIONEM.

157 182 297 224 minus
312 192 443 233 quam
465 178 574 232 ἐχρῆν
590 175 635 214 in
653 174 797 214 Scena
816 172 909 213 At„
924 220 933 229 ..
957 223 959 226 .
1040 194 1042 197 ·
1063 173 1191 222 sarrit,
1207 173 1337 214 etiam
1359 171 1476 225 apud

157 239 383 285 Comicos,
418 231 654 288 quomodo,
689 233 735 270 ut
766 243 853 270 uno
883 230 1085 283 exemplo
1116 234 1348 270 contentus
1379 229 1478 276 sim,

157 295 450 347 Hermippum
489 288 686 329 Athenaei
723 287 814 327 viii.
855 300 899 339 p.
934 287 1034 326 344.
1080 287 1136 326 D.
1200 285 1286 332 Τοὺς
1321 284 1388 337 μὲν
1419 284 1476 339 ἱέρ’

155 350 295 397 ἄλλους
312 349 481 401 οἰκουρεῖν
495 347 611 399 χρῆν,
630 342 780 395 πέμπειν
797 343 831 382 δὲ
847 342 1028 382 Νόθιππον
1045 340 1086 381 ἕν’
1110 341 1209 382 ὄντα.
1269 342 1345 383 Sic
1361 347 1478 382 recte

154 408 260 449 Aldi
280 405 428 452 editio,
447 402 561 443 male
580 404 776 442 recentes
799 400 922 454 ἐχρῆν.
983 398 1113 449 Quod
1133 400 1195 440 ait
1215 398 1476 446 Brunckius‚

156 463 360 519 quaedam
396 472 494 499 esse
520 458 670 508 verba,
701 457 861 511 quibus
894 456 1074 497 solenne
1106 456 1164 496 sit
1199 459 1477 509 augmentum

156 520 361 573 abjicere,
399 516 537 556 verba
577 528 645 564 ea,
688 527 788 567 quae
824 517 1099 566 augmentum
1138 525 1361 565 nunquam
1397 512 1476 552 ha-

153 579 302 624 buere,
354 571 544 625 abjicere
589 584 676 612 non
724 576 923 624 possunt.
1002 569 1139 610 Attici
1190 582 1361 622 semper
1412 569 1477 610 di-

156 638 260 674 cunt
295 630 438 684 ἄνωγα,
475 640 699 681 nunquam
738 626 879 680 ἤνωγα,
922 626 998 667 sed
1034 629 1313 678 augmentum
1354 626 1476 679 plus-

154 686 500 742 quam—perfecto
531 684 722 737 tempori
747 688 990 732 reservant,
1014 683 1118 722 OEd.
1143 682 1194 723 C.
1219 682 1348 723 1598.
1408 683 1476 723 Si-

152 744 270 785 milis
311 747 377 783 est
407 743 517 783 ratio
555 742 601 781 in
637 738 844 791 καθεζόμην,
887 739 1063 791 καθήμην,
1098 739 1277 790 καθεῦδον,
1310 740 1474 793 quibus

153 804 432 853 augmentum
462 811 546 839 non
577 801 835 851 praeponunt
854 797 1045 849 Tragici,
1069 795 1238 836 Comici
1261 808 1341 847 pro
1361 797 1474 837 arbi-

153 858 236 898 trio
276 857 346 897 vel
395 858 672 908 praeponunt,
720 854 788 894 vel
837 854 1061 907 abjiciunt.
1123 852 1296 893 Erravit
1344 853 1474 905 igitur

153 913 405 955 Brunckius
438 911 494 952 ad
514 912 668 952 AEsch.
691 911 836 951 Prom.
858 910 955 951 229.
977 909 1116 961 Soph.
1139 909 1243 949 OEd.
1267 909 1316 950 C.
1343 910 1472 951 1597.

153 970 336 1022 Duplex
359 968 600 1021 aliquando
633 971 915 1020 augmentum
944 966 1176 1014 admisere,
1212 971 1262 1006 ut
1291 966 1335 1006 in
1369 970 1473 1015 ἠνεσ-

147 1026 289 1081 χόμην,
310 1024 534 1079 ἀνεσχόμην,
552 1037 733 1077 quorum
755 1028 984 1076 utrumque
1006 1022 1205 1073 Tragicis
1227 1022 1470 1073 familiare;

150 1082 300 1136 [xviii]
320 1082 395 1122 sed
416 1080 611 1135 ἠνεχόμην,
631 1080 749 1134 quod
764 1080 990 1133 Sophocli,
1010 1078 1295 1131 Aristophani
1311 1085 1354 1120 et
1369 1079 1472 1121 Pla·

150 1139 244 1179 toni
263 1137 494 1179 obtrudere
526 1142 708 1178 conatur
740 1137 979 1177 Piersonus
1011 1136 1064 1175 ad
1098 1134 1264 1175 Moerin
1294 1150 1339 1189 p.
1372 1138 1470 1177 176.

149 1194 374 1235 Brunckio
405 1195 688 1242 assentiente,
718 1205 838 1233 mera
867 1197 937 1232 est
964 1192 1200 1232 barbaries,
1260 1192 1406 1234 Aldus
1427 1202 1472 1235 et

149 1270 412 1311 membranae
469 1267 674 1321 ἠνσχόμην,
728 1267 904 1307 Scholia
953 1272 1101 1307 vetera
1155 1245 1470 1309 iIaZXO'MHN.

151 1326 339 1368 Codices
360 1324 540 1378 quidam
563 1323 739 1377 ἰσχόμην,
771 1323 882 1363 satis
903 1329 1035 1372 recte,
1067 1325 1153 1364 nisi
1175 1325 1335 1365 rectius
1357 1339 1470 1378 prae-

126 1396 128 1399 ’
148 1383 272 1423 beret
303 1381 562 1422 Eustathius
596 1379 760 1435 ἐσχόμην
789 1379 844 1419 ad
871 1379 919 1419 [l.
943 1380 994 1419 E.
1014 1394 1057 1433 p.
1079 1381 1178 1429 5529,
1201 1380 1271 1421 18.
1294 1400 1348 1413 ε
1367 1383 1470 1431 400,

148 1439 218 1480 52.
278 1438 512 1487 Nimirum,
546 1450 646 1477 cum
683 1437 821 1477 semel
854 1434 1015 1489 ἰσχόμην
1050 1437 1095 1476 in
1129 1437 1315 1491 ἠσχόμην,
1349 1440 1467 1492 quod

147 1508 228 1549 pro
250 1495 372 1535 varia
392 1494 580 1534 lectione
598 1494 765 1546 praebet
782 1493 1052 1541 Eustathius,
1069 1498 1323 1547 corruptum
1339 1502 1469 1546 esset,

147 1551 248 1593 inde
287 1563 524 1603 provenere
562 1551 652 1590 ista
691 1553 908 1602 portenta,
948 1548 1146 1603 ηἰσχόμην,
1181 1549 1386 1605 ἠνσχόμην,
1427 1560 1469 1594 et

148 1607 254 1661 quid
276 1607 396 1646 non?
457 1605 772 1658 Aristophanis
794 1617 948 1646 versus
983 1606 1218 1647 mendosus
1247 1613 1328 1648 est.
1353 1608 1466 1650 Mss.

148 1669 225 1705 aut
245 1662 474 1717 ἠνεσχόμεθα
505 1667 580 1703 aut
598 1659 814 1715 ἠνειχόμεθα
847 1662 1020 1711 liabent,
1056 1676 1308 1716 quanquam
1339 1666 1468 1706 silent

148 1719 397 1762 Brunckius
418 1725 463 1759 et
486 1718 772 1768 Invernizius‚
790 1719 865 1771 qui
885 1731 908 1758 e
926 1718 1111 1759 Kusteri
1126 1720 1466 1773 interpolatione

147 1775 377 1831 ἠνεχόμεσθα
411 1775 612 1816 retinent.
672 1775 726 1815 In
766 1775 966 1816 Platonis
1007 1774 1241 1816 Charmide
1277 1790 1324 1829 p.
1365 1779 1465 1820 162.

147 1834 207 1875 D.
233 1833 349 1873 HSt.
379 1830 531 1886 ἠνέχετο
565 1844 733 1872 merum
766 1835 832 1871 est
867 1831 1069 1872 editionis
1106 1832 1463 1876 Francofurtauae

145 1889 410 1944 typographi
430 1893 633 1938 erratum,
655 1888 733 1941 qui
752 1887 995 1940 simplicem
1011 1904 1048 1941 χ
1067 1888 1231 1929 literam
1251 1902 1331 1942 pro
1350 1905 1464 1932 nexu

147 1949 186 1986 96
214 1945 435 1998 posuerit3
467 1949 624 1985 ceterae
644 1944 756 1984 enim
779 1956 927 1984 omnes
946 1950 1064 1984 recte
1086 1943 1280 1999 ἠνέσχετο,
1297 1944 1323 1970 ²*

201 2001 272 2051 (E)
302 2000 415 2042 Cum
453 2001 506 2042 de
541 2001 624 2041 hac
666 2001 915 2053 quaestione
965 2004 1032 2040 tot
1080 2001 1181 2042 aliae
1233 2003 1463 2055 pendeant,

145 2058 289 2098 visum
315 2061 381 2098 est
410 2070 501 2098 rem
537 2056 689 2109 paullo
724 2057 855 2097 altius
891 2061 1099 2108 repetere,
1134 2063 1179 2097 et
1211 2060 1463 2114 praecipuas

144 2126 352 2154 versuum
372 2114 672 2162 iambicorum,
693 2113 1014 2154 trochaicorum
1031 2117 1075 2154 et
1091 2116 1463 2168 anapaesticorum

143 2170 264 2222 leges
286 2170 419 2210 semel
436 2182 695 2210 memorare.

203 2226 409 2266 Senarius
430 2226 667 2275 iambicus,
689 2225 783 2265 sive
803 2224 1003 2274 trimeter,
1030 2228 1078 2265 ut
1097 2230 1245 2266 notum
1265 2232 1346 2277 est,
1379 2243 1462 2271 sex

144 2282 318 2331 iambis,
340 2283 379 2323 si
398 2283 532 2334 priori
548 2283 722 2322 nomine
740 2281 890 2329 uteris,
912 2285 1107 2332 constat;
1138 2283 1279 2324 tribus
1296 2287 1461 2335 metris,

146 2338 239 2378 sive
261 2337 467 2391 dipodiis,
496 2338 543 2378 id
573 2343 654 2387 est,
687 2337 904 2385 diiambis‚
934 2337 974 2377 si
1005 2339 1252 2391 posteriori.
1311 2341 1369 2382 Et
1389 2343 1460 2383 hic

145 2398 215 2435 est
237 2394 455 2447 perfectus
476 2395 687 2444 senarius,
710 2394 778 2434 vel
798 2393 1000 2434 trimeter.

271 2513 290 2531 '⁶
303 2513 354 2546 Sic
367 2513 522 2556 παρέχετο
537 2524 593 2557 pro
608 2513 785 2555 παρέσχετο
800 2513 908 2545 eadem
923 2514 975 2545 ed.
991 2514 1023 2546 in
1035 2514 1115 2546 Tim.
1131 2524 1163 2556 p.
1177 2517 1269 2547 1084.
1293 2515 1329 2547 C.
