1566 2789
85 47 171 88 102

87 175 200 205 Gravis
215 181 376 213 accentuS‚
399 175 452 207 ubi
467 183 576 207 acutus
592 186 660 207 esse
676 177 729 208 de—

128 218 224 249 bebat
237 221 331 249 Ύποθ.

392 362 434 392 H.

91 452 220 484 Hedera
229 454 348 484 laurum
359 460 420 485 etc.
432 456 627 497 amplectens
639 459 723 488 1210

86 496 287 527 Hermannus
301 501 363 529 675

84 539 200 570 Hiatus
216 543 299 572 1393

86 583 302 614 Histrionibus
320 584 411 615 variae
428 585 576 617 lectiones
592 587 730 618 tribuen-

130 626 178 656 dae
194 630 258 657 906

86 668 217 700 Homeri
234 670 346 701 Codex
359 671 581 703 Townleianus
597 678 627 705 5.
664 673 729 703 Ho-

130 713 253 743 mericae
265 715 435 745 allusiones
446 716 530 746 viros
545 717 640 747 etiam
657 717 729 748 doc·

129 756 267 787 tissimos
280 758 429 788 fallentes
447 761 510 789 139

86 798 361 831 Homoeoteleuton
375 805 439 833 709

395 944 424 975 Ι.

87 1033 188 1064 Iambi
206 1045 260 1075 pro
276 1037 425 1077 spondeis
443 1041 526 1070 1202

90 1076 223 1108 'iambici
253 1081 425 1111 tetrametri
456 1082 632 1113 catalectici
657 1083 734 1114 fina-

132 1120 196 1150 lem
228 1122 379 1162 syllabam
417 1134 542 1165 semper
578 1127 736 1166 praecedat

132 1170 259 1203 oportet
272 1165 405 1203 iambus,
418 1168 481 1198 nisi
497 1168 529 1198 in
541 1170 667 1209 proprio
678 1180 734 1199 rio—

132 1207 228 1243 mine,
244 1207 297 1238 ubi
312 1209 483 1246 interdum,
499 1211 555 1241 sed
566 1221 647 1248 raro,
660 1222 734 1243 ana-

134 1255 250 1289 paestus
265 1251 440 1283 admittitur
457 1257 518 1286 139

91 1291 178 1322 Ictus
190 1293 283 1323 sedes
296 1301 415 1326 mutata
427 1299 502 1328 709.
521 1296 589 1337 [Sic
600 1309 627 1328 v-
639 1301 733 1331 1072.

132 1338 276 1377 χωρεῖτε,
284 1339 462 1379 χωρεῖτ’-.
479 1341 650 1381 Sophocles
662 1342 734 1373 Phi-

134 1380 209 1411 loct.
225 1382 319 1412 1041.
335 1382 388 1412 Br.
403 1382 545 1420 τίσασθε,
559 1383 736 1416 τίσασθ-.

133 1421 285 1459 Adverte‚
309 1426 414 1456 onmia
438 1436 508 1457 esse
534 1427 735 1468 imperativo-

133 1475 199 1495 rum
216 1469 372 1508 exempla.
398 1470 441 1499 G.
457 1470 503 1501 H.
522 1470 576 1511 S.]

91 1508 303 1583 Impffigffivus
347 1517 379 1542 et
420 1513 578 1553 optativus
617 1514 738 1545 confusi

137 1555 151 1583 l

91 1594 142 1630 In,
160 1596 323 1627 abundans
339 1600 403 1629 629

91 1637 287 1671 Indicativus
315 1646 348 1670 et
376 1641 574 1683 participium
609 1645 738 1675 confusa

135 1684 197 1710 139

91 1721 323 1753 Infinitivorum
351 1734 428 1754 usus
457 1725 644 1762 liberrimus,
683 1729 738 1758 ubi

135 1766 229 1806 vulgo
244 1766 435 1798 subaudiunt
450 1769 532 1800 ὥστε
544 1772 637 1802 1396.
684 1771 737 1802 In-

136 1808 279 1840 finitivus
313 1816 345 1839 et
381 1812 580 1853 participium
611 1814 739 1845 confusa

92 1894 368 1935 Interpunctiones
382 1897 415 1927 in
424 1897 503 1928 Mss.
517 1902 613 1931 1106.
636 1899 738 1931 Inter-

136 1939 341 1979 punctionum
359 1941 475 1971 abusus
490 1944 573 1973 1299

93 1981 165 2011 Iota
187 1981 378 2023 adscriptum
394 1983 543 2015 facillime
558 1986 591 2015 in
607 1998 623 2017 ν
638 1993 737 2017 muta--

136 2030 187 2054 tur
202 2027 277 2056 264.
293 2029 367 2058 953.
390 2027 602 2068 subscriptum
625 2030 739 2059 melius

136 2068 323 2099 adscribitur
351 2073 383 2101 6.
434 2069 473 2099 In
495 2071 578 2101 Mss.
606 2073 738 2102 vetusti-

135 2111 240 2142 oribus
252 2117 307 2142 aut
317 2112 507 2153 adscriptum
522 2119 576 2144 aut
590 2115 738 2145 omissum

136 2157 168 2184 6.
215 2153 325 2194 [Conf.
350 2156 472 2195 praefat.
497 2158 535 2187 ad
561 2157 683 2188 Hecub.
707 2169 738 2198 p.

136 2197 241 2238 xviii.]
281 2198 418 2234 Quando
434 2199 587 2230 subscribi
602 2207 737 2242 coeptum

137 2242 167 2270 6.
212 2241 342 2271 Errores
355 2241 429 2272 inde
446 2243 506 2273 orti
521 2246 541 2274 6

397 2392 434 2422 L.

93 2483 308 2519 Lafontanius‚
326 2484 478 2526 AEschyli
490 2485 590 2516 editor
603 2486 735 2516 maxime

136 2526 286 2557 mirabilis
301 2529 365 2558 963

93 2569 230 2609 Liquida
244 2574 316 2599 ante
331 2575 452 2600 mutam
467 2572 531 2601 284

94 2611 204 2653 Longa
220 2613 351 2654 syllaba.
367 2613 409 2644 V.
427 2624 452 2644 S.
467 2624 498 2644 v.
514 2613 661 2644 Senarius

533 58 700 90 INDEX
740 59 977 92 LATINUS.

1077 178 1126 208 M.

776 254 870 285 Muta
885 260 957 285 ante
973 255 1125 296 liquidam
1138 259 1202 288 284

1078 374 1122 404 Ν.

777 457 929 488 Neutrius
953 458 1178 499 adjectivorum
1201 468 1278 489 usus
1300 469 1356 499 pro
1371 462 1419 491 fe-

820 501 938 531 minino
953 504 1017 532 924

777 543 934 574 Neutrum
961 545 1081 585 plurale
1107 555 1180 576 cum
1196 546 1290 576 verbo
1306 545 1420 586 plurali

777 630 910 661 Nonnus
926 631 1031 661 minus
1046 632 1197 671 probatus
1212 637 1321 662 auctor
1335 635 1399 664 494

777 674 908 704 Nubere
925 674 964 704 de
980 674 1045 704 viro
1061 677 1125 705 264

778 717 989 747 Numerorum
1011 718 1205 758 permutatio
1227 719 1259 749 in
1284 720 1421 749 nomini-

820 761 879 790 bus
903 760 1037 791 librariis
1063 761 1202 791 solennis
1223 766 1254 793 5.
1278 764 1329 793 34.
1350 764 1421 793 139.

820 806 895 835 734.
910 807 984 835 858-
1001 807 1074 835 979.
1091 806 1175 835 1230

1082 922 1123 952 Ο.

781 1005 953 1046 Optativus
979 1007 1044 1036 veri
1065 1006 1202 1036 nominis
1222 1007 1255 1036 in
1279 1007 1424 1037 enuntia-

824 1050 912 1080 tione
928 1050 1140 1090 interrogante
1156 1052 1231 1081 752.
1255 1050 1425 1090 Optativus

825 1098 858 1123 et
873 1093 1074 1133 imperativus
1090 1093 1212 1124 confusi
1228 1095 1312 1123 1066

1082 1211 1120 1242 Ρ.

780 1294 1028 1335 Palaeographiae
1041 1295 1157 1325 abusus
1171 1296 1232 1326 751

778 1337 991 1368 Paroemiacus
1007 1339 1090 1369 1393

780 1381 987 1421 Participium
1016 1385 1047 1411 et
1083 1380 1258 1411 infinitivus
1295 1380 1427 1411 confusa

826 1426 922 1454 1300.
966 1424 1176 1465 Participium
1191 1429 1223 1454 et
1239 1423 1426 1454 indicativus

826 1467 909 1498 conf.
926 1469 988 1499 139

782 1510 924 1541 Phalaris
938 1511 1043 1540 minus
1056 1510 1207 1551 probatus
1222 1515 1329 1540 auctor
1343 1513 1405 1542 494

784 1553 878 1584 Plato
894 1553 1046 1584 Comicus
1060 1563 1132 1583 cum
1157 1553 1291 1583 Platone
1316 1553 1427 1584 Philo-

829 1598 932 1637 sopho
947 1596 1030 1627 conf.
1047 1598 1108 1627 139

783 1639 966 1670 Pleonasmi
982 1642 1065 1671 1277

783 1683 913 1712 Plurale
937 1683 1069 1713 verbum
1084 1692 1155 1712 cum
1178 1687 1290 1713 neutro
1313 1683 1429 1724 plurali

784 1767 921 1797 Pluralis
938 1772 970 1798 et
985 1766 1153 1807 singularis
1167 1768 1330 1798 nominum
1353 1778 1428 1798 con-

825 1809 890 1840 fusi
914 1815 945 1842 5.
967 1813 1020 1841 34.
1044 1813 1117 1842 139.
1145 1813 1220 1841 734.
1249 1813 1324 1842 858.
1352 1814 1428 1843 979.

782 1896 956 1928 Poetarum
981 1897 1166 1928 Graecorum
1194 1897 1369 1937 fragmenta
1395 1897 1426 1927 in

826 1940 928 1970 verbis
952 1940 1085 1971 latentia
1106 1940 1289 1981 scriptorum
1305 1941 1426 1980 prosai-

827 1992 936 2013 corum
952 1985 1021 2014 139.
1067 1983 1257 2023 Ubicunque
1266 1983 1300 2012 in
1309 1985 1426 2024 prosai-

826 2025 873 2056 cis
898 2031 953 2056 aut
979 2026 1092 2067 integri
1117 2037 1237 2063 versus,
1262 2032 1317 2056 aut
1345 2026 1426 2066 frag·

825 2074 944 2105 menta,
969 2078 1102 2108 quorum
1123 2071 1220 2100 verba
1241 2068 1354 2099 eodem
1376 2079 1426 2099 or-

827 2111 900 2142 dine
916 2113 1061 2149 citantur,
1086 2122 1149 2153 quo
1165 2123 1183 2142 a
1198 2111 1295 2153 poeta
1309 2113 1428 2152 scripta

826 2160 909 2190 sunt,
933 2155 1091 2196 leguntur,
1106 2155 1148 2185 ibi
1166 2155 1241 2185 talia
1251 2155 1427 2195 fragmenta

826 2208 844 2228 a
856 2198 984 2228 citantis
999 2199 1140 2229 oratione
1152 2198 1323 2240 diligenter
1335 2208 1424 2239 sepa-

824 2241 924 2271 randa
937 2245 1009 2270 sunt
1025 2243 1088 2272 139

782 2283 927 2313 Praesens
941 2284 1123 2314 historicum
1141 2287 1224 2316 1138

781 2326 980 2356 Pronominis
991 2326 1139 2366 repetitio
1153 2330 1216 2358 722

781 2369 1009 2410 Prothysteron
1024 2373 1120 2400 Ὑποθ.

783 2412 1053 2453 Pythagoreorum
1064 2413 1280 2454 jusjurandum
1296 2417 1360 2446 629

1082 2529 1124 2560 R.

784 2612 1010 2654 Repetitiones
1029 2615 1193 2645 verborum
1214 2615 1248 2645 in
1275 2615 1424 2657 Euripide
