1565 2834
349 464 1098 539 -ΦΟΙΝΙΣΣΑΙ,

94 844 244 897 {osis}
274 845 346 904 τὴν
374 845 412 896 ἐν
439 843 621 916 οἵστξοις
649 843 831 916 οὑξοινοῦ
858 842 1018 912 τέμνων
1046 843 1150 906 ὁδον,

167 921 247 971 καὶ
276 920 711 991 χξυσοκολλῆτοισιν
739 917 957 986 ἐμβεβὼς
987 918 1165 992 δῖφξοις,

159 994 321 1054 ‘'Hme,
349 996 469 1052 θοαῖς
499 992 691 1044 ἵπποισιν
722 993 924 1044 εἱλίσσων
952 993 1130 1060 φλόγα,

170 1070 222 1127 ὡς
251 1068 458 1137 δυστυχῆ
488 1068 701 1132 Θήβαισι
730 1071 784 1139 τῇ
813 1067 904 1119 τόθ’
937 1069 1087 1140 ἧμέξᾳ

173 1144 312 1194 ἀκτῖν’
343 1142 527 1208 ἐφῆκας,
557 1142 752 1212 Κάδμος
782 1142 884 1202 ἡνίκ’
916 1139 1024 1201 ἦλθε
1053 1147 1134 1209 ’γῆν
1407 1162 1435 1198 5

143 1285 174 1314 l.
199 1282 233 1313 ἐν
247 1281 382 1322 ἄστροις.
421 1280 524 1312 Recte
541 1281 743 1322 Musgravius

100 1336 173 1356 cum
200 1325 376 1356 Scholiaste
399 1323 639 1365 interpretatur,
665 1329 745 1365 ‘per

103 1371 191 1410 >igne
204 1367 348 1398 zodiaci?
386 1367 532 1398 Eustath.
549 1367 589 1398 ad
605 1367 645 1397 Il.
661 1372 700 1398 Δ.
713 1378 749 1408 p.

102 1414 177 1442 4⁴6.
206 1411 262 1441 ult.
287 1412 380 1451 (339.
404 1411 477 1451 51.)
515 1410 677 1449 Εὐριπίδης
690 1410 748 1441 τὸν

100 1455 194 1492 ἥλιον
208 1454 268 1491 τὴν
283 1454 316 1485 ἐν
331 1453 457 1494 ἄστροις
471 1454 600 1493 οὐρανοῦ
621 1452 748 1492 τέμνειν

103 1497 166 1538 ἔφη
178 1497 261 1538 ὁδον,
271 1497 330 1534 τὴν
342 1496 392 1528 διὰ
402 1499 465 1528 τῶν
475 1495 592 1535 ζωδίων
605 1496 686 1528 οὕτω
702 1496 748 1527 κί-

106 1552 195 1578 νησιν
210 1539 343 1581 φράζων.
374 1539 470 1570 Hunc
486 1540 593 1570 locum
606 1540 750 1570 imitatur

105 1585 174 1625 ipse
190 1584 360 1625 Euripides
373 1583 408 1613 in
423 1583 650 1623 epigrammate
665 1582 751 1623 apud

106 1627 295 1658 Athenaeum
311 1627 346 1656 ii.
361 1636 391 1667 p.
407 1628 461 1656 61.
481 1626 521 1656 Β.
539 1624 585 1657 ‘²‘ss
599 1625 658 1657 τὸν
672 1625 751 1665 ἀγή-

108 1682 222 1711 ραντον
244 1669 344 1701 πόλον
366 1668 486 1709 αἷθέρος
503 1667 600 1700 Ἥλιε
619 1668 753 1709 τέμνων,

99 1713 169 1755 ‘’'Ap'
184 1711 262 1745 εἶδες
281 1711 395 1744 τοιόνδ’
420 1711 535 1752 ὄμματι
554 1712 670 1754 πρόσθε
692 1712 752 1743 ποί-

109 1760 161 1789 Θος
174 1768 182 1794 3
198 1756 395 1786 Theodectes
409 1755 657 1796 Bellerophonte
669 1756 753 1796 apud

109 1800 269 1830 Stobaeum
293 1810 323 1829 x.
347 1810 379 1839 p.
404 1802 478 1830 126.
496 1799 568 1838 (67.
586 1798 694 1840 Grot.)
708 1798 753 1831 ’Ὦ

110 1843 317 1882 καλλιφεγγῆ
340 1841 478 1881 λαμπάδ’
503 1841 652 1874 εἱλίσσων
674 1847 754 1881 φλο-

111 1886 169 1926 ‘ybs
184 1885 293 1926 ”Ηλιε,
317 1885 461 1917 ποθεινὸν
474 1886 572 1917 πᾶσιν
588 1885 756 1926 ἀνθρώποις

111 1931 222 1970 σέλας,
246 1927 331 1960 Εἷδές
355 1929 412 1960 τιν’
436 1927 540 1960 ἄλλον
566 1928 683 1960 πώποτ’
714 1928 758 1959 εἷς

111 1974 193 2004 οὕτω
207 1971 308 2011 μέγαν
322 1971 460 2002 Ἐλθόντ’
484 1971 589 2010 ἀγῶνα
614 1971 665 2003 καὶ
684 1973 756 2003 δυσ-

56 2035 59 2038 -
114 2016 288 2056 έκφευκτον
336 2015 457 2054 κρίσιν;
498 2015 605 2045 Vertit
643 2015 759 2045 Accius

115 2060 199 2100 apud
225 2059 419 2099 Appuleium
436 2057 553 2089 Florid.
570 2068 602 2098 p.
617 2061 693 2089 348.
707 2058 758 2088 ed.

117 2102 329 2132 Elmenhorst.
344 2101 498 2131 Priscian.
511 2100 550 2130 de
565 2100 653 2131 Vers.
666 2101 758 2132 Corn.

118 2156 149 2184 p.
168 2148 263 2176 1325.
288 2149 308 2161 “
321 2144 385 2179 Sol,
402 2145 455 2184 qui
470 2144 638 2174 micantem
650 2143 759 2174 candi«

117 2187 159 2218 do
174 2198 264 2218 curru
280 2192 374 2226 atque
390 2187 481 2227 equis
497 2187 666 2216 Flammam
682 2188 759 2216 cita-

118 2231 160 2261 tis
175 2230 296 2261 fervido
312 2231 422 2260 ardore
438 2230 589 2269 explicaS,
603 2229 760 2265 Quianam

118 2279 183 2303 tam
199 2274 330 2303 adverso
344 2273 475 2312 augurio
491 2278 522 2302 et
536 2272 665 2302 inimico
681 2273 761 2302 omi-

120 2327 159 2346 ne
174 2316 290 2346 Thebis
308 2315 465 2345 radiatum
490 2315 597 2344 lumen
623 2316 763 2346 ostendis

120 2365 210 2389 tuum
222 2358 256 2387 ?'’
282 2359 369 2395 Quin
395 2364 429 2388 et
453 2358 608 2387 Miltonus
628 2362 763 2394 nostras,

121 2412 194 2432 cum
209 2401 348 2431 nondum
365 2411 452 2441 epos,
468 2400 524 2430 sed
540 2401 649 2430 drama
662 2401 762 2431 medi·

123 2444 259 2483 tabatur,
284 2444 421 2474 fabulam
438 2453 527 2473 suam
543 2452 562 2472 a
576 2443 691 2474 Satana
706 2444 763 2474 So-

123 2488 187 2517 lem
201 2488 381 2527 alloquente
397 2486 493 2516 ordiri
508 2486 698 2516 instituerat.

167 2533 200 2561 3.
223 2529 359 2561 ἑλίσσων
387 2529 463 2558 Ald.
488 2533 611 2567 contrak
621 2534 765 2565 metrum,

125 2572 211 2614 quod
237 2574 340 2613 plures
363 2576 488 2602 servant
509 2571 591 2601 Mss.
638 2572 767 2602 Utrum-

125 2626 187 2656 que
204 2625 261 2656 pro
283 2615 375 2645 libitu
393 2619 545 2653 usurpant
567 2614 687 2654 tragici,
710 2615 766 2645 sed

127 2657 266 2690 εἰναλίαν
279 2668 338 2700 pro
354 2656 481 2689 ἐναλίαν
502 2666 662 2698 nunquam
682 2663 768 2689 extra

787 1283 912 1319 choros,
938 1281 1015 1314 licet
1038 1281 1118 1313 illud
1145 1293 1217 1314 mox
1245 1285 1324 1316 dent
1352 1285 1436 1316 Mss.

788 1327 930 1366 quidam,
944 1325 984 1356 ab
1001 1325 1089 1356 Aldo
1100 1327 1134 1357 in
1145 1327 1202 1358 hac
1216 1334 1304 1368 parte
1317 1328 1437 1359 dissen-

790 1370 920 1401 tientes.
967 1368 1056 1400 Infra
1080 1372 1156 1402 241.
1180 1371 1236 1401 ubi
1260 1372 1341 1402 Mss.
1358 1373 1438 1402 vari-

792 1418 857 1448 ant,
873 1412 952 1442 Aldi
968 1412 1141 1444 lectionem
1155 1415 1299 1453 retinui„
1318 1415 1440 1447 Contra

794 1458 890 1486 1202.
900 1454 956 1485 ubi
970 1453 1070 1485 Aldus
1083 1456 1171 1486 ἑλίσι·
1215 1458 1219 1459 ’
1251 1458 1294 1488 ‘bi
1308 1459 1444 1489 membr.

793 1497 844 1528 Μ.
855 1497 899 1528 R.
916 1495 1083 1537 εἱλίσσετ’,
1093 1502 1126 1528 ut
1265 1500 1340 1531 'vidit
1348 1501 1443 1531 Mus-

795 1540 933 1582 gravius.

837 1588 869 1615 5.
894 1584 933 1613 In
949 1583 1011 1614 fine
1027 1582 1119 1625 hujus
1133 1592 1244 1614 versus
1258 1583 1363 1616 Aldus
1386 1587 1443 1617 ad-

795 1626 844 1658 dit
866 1628 954 1664 θεῶν,
979 1636 1051 1667 quae
1076 1636 1136 1657 vox
1156 1626 1241 1658 unde
1266 1628 1444 1670 irrepserit,

795 1670 913 1702 nescio.
959 1669 1049 1700 Alibi
1069 1675 1176 1700 tamen
1193 1680 1263 1701 eam
1282 1672 1444 1703 abundare

797 1712 875 1743 vidi.
891 1713 929 1743 In
938 1712 1112 1753 fragmento
1125 1712 1269 1750 Pirithoi,
1280 1714 1336 1745 ubi
1348 1716 1444 1756 vulgo

799 1756 927 1797 legitur,
943 1755 984 1789 Σὲ
995 1755 1052 1787 τὸν
1067 1756 1220 1797 αὐτοφυῆ,
1235 1757 1294 1789 τὸν
1309 1759 1343 1789 ἐν
1364 1757 1446 1790 αἴθε-

798 1799 851 1840 ρίῳ
865 1799 988 1839 Ῥύμβῳ
1002 1798 1129 1831 πάντων
1144 1802 1240 1840 φύσιν
1250 1801 1446 1841 ἐμπλέξανθ’,

1165 1844 1181 1852 Α

800 1843 896 1873 habet
909 1842 947 1874 σὲ
961 1842 1019 1873 τὸν
1041 1843 1194 1884 αὐτοφυη,
1219 1843 1346 1876 πάντων
1367 1847 1447 1877 θεῶν

801 1885 905 1926 αἰθέρα
932 1885 1037 1926 ῥόμβῳ
1063 1887 1256 1918 Scholiastes
1282 1887 1447 1929 Apollonii

802 1928 924 1959 Rhodii
937 1929 981 1960 iv.
998 1931 1072 1960 144.
1095 1930 1142 1959 Ex
1158 1930 1335 1973 Hippolyto
1350 1934 1447 1964 1139.

804 1972 917 2012 (1143.
947 1970 1090 2013 Musgr.)
1130 1974 1201 2005 θεᾶς
1237 1980 1321 2005 recte
1352 1975 1450 2017 ejecit

802 2015 1003 2053 Brunckiu53
1031 2025 1211 2057 quanquam
1234 2027 1276 2048 ne
1305 2017 1351 2048 sic
1378 2018 1449 2058 qui-

803 2059 874 2088 dem
897 2059 957 2089 iste
981 2059 1070 2088 locus
1083 2066 1297 2100 perpurgatus
1311 2060 1449 2091 videtur.

803 2101 865 2131 Sed
880 2101 998 2142 saepius
1014 2101 1105 2131 deest
1122 2103 1189 2134 haec
1206 2113 1274 2140 vox,
1301 2103 1360 2143 [V.
1376 2103 1453 2134 Me·

805 2145 861 2175 let.
879 2144 960 2176 Crit.
977 2155 1008 2184 p.
1023 2147 1077 2175 52.
1094 2147 1167 2177 153.
1179 2146 1211 2176 b.
1223 2151 1257 2177 et
1269 2156 1348 2177 varr.
1361 2147 1456 2178 lectt.

805 2188 844 2217 ad
860 2187 1009 2227 Sophocl.
1025 2187 1097 2218 OEd.
1111 2193 1136 2218 t.
1151 2191 1205 2220 95.
1219 2192 1294 2221 655.
1310 2189 1377 2220 Erf.
1404 2191 1449 2221 G.

807 2230 855 2261 Η.
883 2230 936 2271 8.]
972 2240 1067 2270 quam
1094 2231 1263 2263 redundat.
1293 2232 1451 2265 Androm.

806 2275 881 2304 270.
901 2272 963 2310 ἅκη
978 2274 1104 2313 βροτοῖς
1120 2277 1198 2306 θεῶν
1213 2275 1454 2314 ἐγκαταστῆσαί

805 2327 885 2351 τινα,
911 2317 1074 2356 βροτοῖσιν
1094 2321 1220 2348 tantum
1238 2319 1335 2349 habet
1349 2319 1450 2350 editio

808 2359 968 2399 princeps.
990 2360 1139 2400 Sophocl.
1157 2360 1295 2393 Philoct.
1311 2365 1386 2394 992.
1403 2365 1451 2394 θε-

809 2401 860 2433 οὺς
885 2401 1054 2442 προτείνων
1076 2402 1149 2435 τοὺς
1169 2403 1256 2436 θεοὺς
1269 2406 1392 2445 ψευδεῖς
1406 2405 1454 2436 τί·

809 2447 874 2482 θης,
901 2445 1075 2476 secundum
1098 2444 1184 2477 θεοὺς
1205 2447 1325 2482 omittit
1338 2447 1454 2480 Aldus.

812 2487 976 2528 Aristoph.
988 2488 1064 2518 Pac.
1079 2491 1155 2520 938.
1170 2489 1210 2521 ὥς
1228 2489 1317 2521 πάνθ’
1340 2491 1389 2523 ὅσ’
1415 2492 1455 2522 ἂν

811 2531 878 2562 θεὸς
894 2531 983 2571 θέλῃ,
1006 2530 1052 2570 χὴ
1067 2530 1153 2571 τύχη
1174 2534 1327 2574 κατορθοῖ,
1351 2534 1456 2565 Aldus

811 2578 845 2604 et
873 2578 1006 2614 utraque
1035 2574 1171 2605 Juntina
1199 2577 1349 2609 omittunt
1376 2577 1456 2612 θεὸς,

813 2616 869 2647 sed
885 2617 1027 2656 praebent
1042 2617 1234 2650 Scholiastes
1249 2624 1283 2650 et
1296 2619 1410 2651 Suidas
1425 2630 1457 2651 v.

812 2658 901 2690 πάνθ’
918 2658 966 2690 ὅσ’
982 2657 1030 2690 ἅν.
1043 2664 1068 2692 t.
1084 2659 1131 2693 iii.
1148 2671 1181 2702 p·
1196 2664 1249 2694 18.
1279 2662 1318 2694 In
1334 2664 1456 2705 Sopho-
