1566 2789
87 46 145 86 94

132 172 206 200 319.
223 171 318 200 1372.
341 169 373 200 δὲ
389 174 422 199 et
436 168 484 200 δαὶ
494 169 622 200 confusa
636 172 732 201 1008.

133 211 166 243 δὲ
182 218 215 242 et
230 213 267 250 δὴ
290 213 420 245 confusa
445 216 541 244 1286.
580 212 612 243 δὲ
638 218 671 243 et
694 224 732 243 τε

134 256 264 287 confusa
293 259 345 287 39.
374 259 426 287 89.
458 259 530 287 193.
559 258 633 287 236.
658 258 733 288 263.

132 301 206 329 487.
222 302 296 330 510.
311 302 386 330 562.
402 302 476 330 743.
493 302 587 330 1191.
605 302 687 330 1285

90 342 138 372 δεῖ
151 352 222 371 cum
238 343 388 383 genitivo,
413 348 563 383 sequente
577 342 733 372 infinitivo

91 428 208 459 δεῖσθαι
220 438 291 458 cum
304 428 453 469 genitivo,
465 433 617 469 sequente
628 429 732 459 infini-

131 471 196 501 tivo
212 474 295 502 1396

89 513 197 549 δέλτα,
215 513 365 545 δέλτατος
378 517 442 545 476

91 556 185 595 δέμας
200 563 232 587 et
246 557 343 598 χέρας
360 557 489 588 confusa
507 560 587 589 1203

90 600 175 639 δεξιὰ
190 603 229 631 21

90 642 180 682 δέρας
195 648 212 674 5

90 686 163 726 δέρη
180 692 212 716 et
226 685 303 728 κάρα
318 687 449 718 confusa
464 689 504 719 30

92 729 177 769 δέρος
190 734 207 760 5

91 771 214 811 δεσμός.
231 772 350 802 Plural.
364 774 462 812 δεσμὰ
477 776 539 805 494

90 815 130 853 δὴ
146 821 177 845 et
193 817 218 846 δ’
235 814 271 846 αὖ
286 816 416 847 confusa
440 820 535 848 1008.
566 816 603 854 δὴ
627 821 660 846 et
685 815 733 847 δαὶ

135 859 266 889 confusa
282 862 376 890 1008.
414 860 450 896 δὴ
481 865 513 889 et
544 859 576 890 δὲ
606 860 736 890 confusa

138 905 231 933 1286.
256 901 292 938 δὴ
309 908 339 932 et
354 915 402 933 τοι
420 903 547 933 confusa
563 906 646 934 1115

93 944 240 983 Δημύλος
257 948 318 976 139

93 985 240 1027 δῆταμὴ
256 989 335 1025 δῆτα
351 992 412 1020 337

94 1031 143 1062 διὰ
159 1036 192 1061 et
207 1030 287 1062 κατὰ
303 1033 432 1062 confusa
448 1035 530 1063 1170

93 1073 289 1105 διαπτάσθαι,
325 1075 375 1104 De
401 1080 535 1106 accentu
558 1074 650 1115 hujus
664 1075 735 1106 infi-

137 1117 228 1147 nitivi
245 1121 259 1147 1

95 1159 260 1196 διδάσκειν,
275 1159 471 1192 διδάσκεσθαι
486 1164 549 1192 297

95 1204 200 1242 δίδωμι
213 1214 282 1234 culn
296 1204 451 1234 infinitivo
464 1206 558 1235 1066.
568 1206 663 1234 1396.
693 1203 736 1234 δί-

138 1249 213 1285 δωμι
229 1247 263 1276 ἐν
276 1250 351 1278 629.
375 1246 487 1278 διδόναι
503 1246 590 1282 δίκην
602 1250 666 1277 798

95 1289 174 1326 δίκη.
197 1289 286 1326 δίκην
310 1289 423 1321 δι’δοναι
446 1293 520 1321 798.
551 1289 639 1326 δίκην
660 1288 738 1320 τίειν

136 1336 211 1363 798.
229 1335 323 1363 1313.
359 1332 530 1374 Singularis
556 1338 587 1363 et
610 1332 738 1373 pluralis

139 1375 262 1406 confusi
276 1378 339 1406 413

96 1417 212 1458 δίφρος.
236 1418 286 1448 De
302 1419 415 1459 plurali
431 1420 461 1449 h.
479 1430 507 1450 V.
523 1418 616 1459 δίφρα
630 1421 692 1450 494

96 1461 190 1499 δόμος
204 1468 237 1491 et
252 1460 352 1501 φόβος
367 1462 496 1492 confusa
511 1465 586 1494 487.
609 1460 693 1500 δόμοι
705 1466 738 1492 et

138 1504 235 1535 πύλαι
251 1505 381 1535 confusa
399 1508 480 1536 1231

93 1546 167 1585 δόξα
182 1553 215 1576 et
228 1549 365 1586 ’γλῶσσα
379 1548 508 1577 confusa
521 1550 584 1578 295

95 1589 228 1621 δούλιος.
253 1590 302 1620 De
316 1590 467 1620 feminino
484 1591 514 1620 11.
531 1601 561 1619 v.
576 1593 639 1621 822

94 1634 179 1674 δρᾷν.
202 1634 305 1673 δρῶσα
320 1638 353 1663 et
366 1634 473 1663 τλᾶσα
486 1632 616 1664 confusa
631 1635 713 1665 1325

95 1675 275 1714 δυνάσομαι,
290 1675 459 1715 δυνήσομαι
474 1678 537 1707 858

96 1718 240 1759 δύρεσθαι
256 1722 317 1749 160

96 1760 320 1802 δυσπέραστος,
337 1762 529 1803 δυσπέρατος
544 1765 608 1794 646

95 1804 282 1844 δύσποτμος.
327 1806 378 1835 De
408 1806 507 1836 forma
537 1805 739 1847 comparativi

140 1851 202 1879 139

96 1892 181 1929 δῶμα
194 1895 225 1921 et
240 1892 319 1930 θῦμα
333 1892 463 1922 confusa
480 1894 574 1924 1050.
606 1892 691 1930 δῶμα
706 1896 740 1922 et

140 1933 259 1975 λέκτρα
274 1935 405 1965 confusa
419 1938 480 1967 140

397 2072 430 2098 Ε.

98 2151 238 2190 ἐγγελᾷν
256 2152 339 2181 1359

99 2193 257 2233 ἐγχειρεῖν
273 2195 336 2223 378

96 2235 170 2274 ἐγώ.
191 2247 253 2274 μοι.
299 2235 351 2265 De
366 2239 498 2264 accentu
513 2237 566 2266 95.
589 2234 666 2273 ἐμοὶ,
688 2247 740 2273 μοι

141 2281 216 2309 794.
233 2280 307 2308 880.
322 2280 415 2308 1029.
432 2276 495 2316 ἐμὲ,
509 2290 547 2317 με
560 2281 633 2309 586.
645 2280 739 2308 1029.

139 2320 194 2350 An
207 2321 237 2359 μ’
252 2330 308 2360 pro
323 2332 373 2359 μοι
391 2328 523 2359 ponatur
537 2324 613 2352 719.
637 2320 740 2359 ἔγωγε

141 2370 174 2401 et
189 2364 250 2402 ε’·γὼ
275 2362 308 2394 δὲ
333 2364 461 2393 confusa
485 2367 559 2394 526.
582 2367 643 2394 685

100 2423 143 2429 ·——
157 2418 183 2436 ει
199 2410 231 2436 et
254 2417 272 2446 ῃ
302 2406 509 2436 secundarum
536 2415 738 2447 personarum

141 2451 216 2479 269.
231 2451 305 2479 621.
321 2451 394 2479 858.
409 2452 492 2480 1220

99 2492 136 2522 εἶ.
160 2490 186 2522 εἰ
201 2491 240 2522 ἂν
259 2492 408 2520 soloecum
422 2494 495 2522 937.
520 2490 643 2530 εἷ-Ὑε
667 2493 741 2522 512.

142 2533 170 2564 εἷ
184 2538 215 2564 et
229 2534 249 2570 ἢ
264 2534 393 2563 confusa
407 2537 482 2565 493.
497 2536 580 2565 1079

97 2574 157 2607 εἶα.
204 2576 254 2607 De
283 2581 414 2608 accentu
441 2578 472 2607 h.
503 2588 531 2607 v.
559 2579 634 2608 402.
665 2579 740 2608 816.

600 58 783 91 INDEX
820 57 1064 91 GRAECUS.

824 171 907 200 1237

779 210 900 243 εἰδέναι.
931 211 1004 252 σάφ’
1027 210 1084 243 οἶδ’
1105 211 1177 250 ἐγὼ,
1202 210 1277 251 σάφ’
1300 209 1354 242 οἶδ’
1371 210 1419 242 ὅτι

820 258 885 286 959

778 298 858 329 εἰκώ.
904 298 955 329 De
978 303 1110 330 accentu
1137 296 1308 329 accusativi
1332 298 1362 327 h.
1386 307 1416 328 v.

778 383 849 423 εἶμὶ,
866 384 926 423 εἶμι
941 387 1015 417 579.
1038 384 1119 416 ἐστί.
1165 383 1217 413 De
1232 388 1363 414 accentu
1386 384 1419 412 h.

822 438 851 457 ν.
885 430 959 459 738.
998 431 1092 460 1225.
1124 430 1218 460 1305.
1244 426 1322 463 ἔστ’,
1353 427 1417 457 ἐστ’

779 513 874 544 εἰπεῖν
887 514 949 545 τινί
963 526 1005 550 τι,
1021 514 1092 546 τινά
1107 526 1139 545 τι
1155 516 1208 544 60.
1236 513 1331 544 εἰπεῖν
1346 522 1418 543 cum

820 558 997 587 accusativo
1013 567 1155 598 personae
1170 559 1234 588 719

778 599 861 639 εἴπερ
876 611 926 639 γε,
943 601 1029 642 εἴπερ
1040 619 1080 625 --
1091 612 1131 640 ’γε
1148 603 1210 632 814

778 641 937 682 εἰρήσομαι
949 648 1011 676 282

780 686 832 721 εἰς,
848 687 880 718 ἐς
895 689 969 718 267.
983 691 1058 719 710.
1074 690 1149 718 973.
1162 689 1225 718 982

779 728 862 765 εἵσω,
881 728 942 761 ἔσω
958 734 1009 762 88.
1026 732 1086 761 185

779 773 815 803 ἐκ
830 778 863 802 et
876 772 950 813 πρὸς
965 774 1096 804 confusa
1113 775 1193 803 1411

779 815 950 853 ἐκβιαστὴς
967 819 1028 847 139

779 857 979 895 ἐκδιδάσκειν,
997 858 1231 891 ἐκδιδάσκεσθαι
1245 861 1307 889 297

781 901 948 933 ἐκκτείνειν
976 908 1025 933 est
1063 901 1272 943 compositum
1301 901 1423 932 Graecis

823 945 968 985 ignotum
982 950 1043 977 585

782 987 963 1027 ε’κπέταμαι,
981 988 1147 1027 ἐκπέτομαι
1164 991 1179 1019 l

781 1031 954 1063 ἐκπίπτειν.
976 1032 1093 1074 ἐκπέσῃ
1118 1038 1149 1063 et
1171 1033 1300 1063 ἐκπεσεῖ
1313 1031 1421 1062 consu-

826 1084 859 1104 sa
875 1078 914 1106 45
923 1079 937 1106 1

781 1116 950 1158 ἕκπλεθρος
968 1121 1051 1150 1178

782 1159 916 1197 ἐκτάδην
929 1163 991 1193 585

782 1203 933 1235 ἐκτείνειν
954 1207 1016 1235 585

782 1247 934 1287 ἐμβρυοῦν
947 1250 1010 1279 284

782 1288 922 1328 ἐμμένειν
935 1293 999 1322 752

781 1332 814 1362 ἐν
830 1333 992 1364 abundans
1007 1336 1070 1365 629

783 1375 896 1407 ἐνεῖναί
909 1388 979 1412 τινι,
997 1376 1031 1407 ἕν
1043 1388 1103 1408 τινι
1116 1380 1177 1409 221

782 1418 913 1450 ἐνθένδε.
935 1419 1097 1451 τούνθένδε
1113 1424 1176 1451 788

783 1461 828 1493 ἐνὶ
844 1467 877 1492 et
892 1462 942 1493 ἐπὶ
954 1464 1086 1493 confusa
1098 1466 1184 1494 Ύποθ

783 1505 908 1541 ἐννοεῖν,
925 1506 1092 1537 ἐννοεῖσθαι
1111 1509 1173 1537 878

783 1548 936 1579 ἐντεῦθεν.
958 1549 1141 1579 τούντεῦθεν
1155 1551 1218 1579 788

783 1591 934 1629 ἐνώμοτος
949 1598 981 1621 et
994 1591 1149 1631 ἀνώμοτος
1164 1591 1295 1623 confusa
1310 1596 1371 1625 735

783 1634 909 1675 ἐξαίρειν
926 1638 985 1666 105

784 1676 993 1718 ἐξεργάζομαι.
1037 1678 1089 1708 De
1105 1678 1208 1709 futuro
1224 1676 1422 1719 ἐξεργάξομαι

782 1762 947 1803 ἐξεύχομαι
962 1767 1025 1796 926

782 1806 889 1846 ἐξίασι,
908 1808 1006 1846 ἐξιᾶσι
1021 1809 1084 1839 280

783 1849 944 1889 ἐξίπταμαι
961 1853 977 1880 l

783 1893 915 1931 ἐξωθεῖν.
939 1893 1157 1932 ἐξωσθεὶς·336

784 1935 1043 1974 ἐπαγγέλλεσθαι
1068 1946 1138 1966 cum
1154 1937 1336 1967 accusativo
1352 1947 1423 1977 per-

827 1988 912 2008 sonae
928 1982 991 2010 719

785 2022 972 2052 ἐπαιδεΐσθαι
1002 2026 1035 2051 et
1060 2022 1269 2053 καταιδεῖσθαι
1296 2022 1427 2053 confusa

784 2107 918 2138 ἐπαινεῖν
932 2110 996 2138 880

784 2149 1056 2189 ἐπαμφιέννυσθαι.
1099 2149 1346 2189 ἐπημφιεσμένος
1385 2160 1426 2181 an

826 2192 967 2232 Tragicis
982 2197 1164 2231 usurpatum
1181 2196 1244 2224 284

784 2234 850 2266 ἐπεὶ
863 2235 948 2265 idem
962 2235 1046 2276 quod
1059 2235 1090 2274 ἐξ
1106 2233 1141 2265 οὗ
1153 2238 1207 2266 26.
1220 2238 1292 2267 138.
1315 2234 1381 2267 ἐπεὶ
1392 2240 1425 2266 et

827 2277 876 2308 ἐπὶ
892 2278 1020 2308 confusa
1036 2281 1110 2309 760.
1128 2281 1208 2309 1375

783 2320 900 2352 ἐπείτοι
915 2320 965 2351 καὶ
980 2323 1042 2352 675

783 2363 832 2395 ἐπὶ
848 2374 915 2394 cum
932 2363 1037 2393 dativo
1052 2373 1108 2403 pro
1132 2363 1165 2394 ἐν
1188 2366 1283 2394 Ὺποθ.
1319 2362 1368 2394 ἐπὶ
1392 2369 1425 2394 et

827 2406 871 2437 ἐνὶ
885 2407 1013 2436 confusa
1026 2408 1121 2437 Ὑποθ.
1157 2406 1206 2436 ἐπὶ
1222 2411 1255 2436 et
1267 2405 1333 2437 ἐπεὶ
1348 2416 1423 2436 con-

824 2450 894 2479 fusa
915 2451 990 2480 760.
1007 2452 1102 2485 1375.
1136 2449 1185 2480 ἐπὶ
1201 2454 1234 2479 et
1248 2450 1280 2480 ἐς
1295 2449 1425 2479 confusa

784 2533 917 2571 ἐπιδεὴς,
944 2545 1012 2565 cum
1030 2534 1179 2574 genitivo,
1205 2539 1356 2577 sequente
1371 2533 1422 2564 in-

828 2577 948 2608 finitivo
977 2580 1072 2610 1396.
