1566 2789
205 49 269 97 12

607 50 1111 103 ΕΥΡΙΠΙΔΟΥ

1239 152 1251 173 (ι

198 190 289 238 Ελ.
331 185 364 238 ὧ
389 191 479 238 παῖ
503 188 922 276 Κλυταιμνήστρας
950 213 997 241 τε
1024 191 1382 262 κάγαμὲμνονος,

270 260 451 345 παξθενε
477 285 652 332 pangor)
681 260 731 320 δη
758 265 901 330 μῆκος
929 263 1175 336 Ἠλέκτρα
1200 267 1370 355 χρόνου,

274 360 373 398 πως,
395 343 425 387 ὦ
454 337 670 397 τάλαινα,
696 335 753 388 σύ
779 359 826 388 τε
855 338 1128 404 κασίγνητός
1151 363 1198 392 τε
1226 364 1301 400 σος

269 411 449 480 «τλήμων
468 408 698 481 Οξὲστης,
718 433 885 482 μητξος
914 411 988 464 οδε
1012 411 1160 479 φονευς
1187 411 1299 480 ἔφυ·
1289 455 1302 473 ,

268 483 641 575 προσ-φθέγμασιν
669 485 763 556 γὰρ
790 486 839 537 οὐ
865 487 1108 557 μιαίνομαι
1136 487 1263 548 σέθεν,

270 581 328 618 εις
356 559 523 623 Φοιβον
536 557 837 649 ἀναφεξουσα
864 584 936 620 τνν
963 585 1212 634 αμαξτιαν.

267 656 349 684 και
378 656 443 684 τοι
472 631 602 684 στένω
629 656 684 698 γε
713 657 782 684 τον
807 637 1231 728 Κλυταιμήστρας
1257 661 1400 709 ‘mogon

266 707 373 775 ἓμης
402 704 668 773 ἀδελφῆς,
646 731 701 767 ην,
729 706 818 758 ἐπει
847 730 950 778 πξος
969 707 1112 762 Ἴλιον

265 778 506 841 ἕπλευο·’,
486 804 595 838 οπως
622 778 838 841 ἔπλευσα,
865 784 1072 851 θεομανεῖ
1094 784 1260 853 πότμῳ,

264 856 343 907 οὐκ
373 851 498 906 εἶδον·
528 857 856 920 ἀπολειφθεισα
885 853 928 906 δ
933 858 1105 948 αἷαζω
1131 858 1297 928 τύχας.

1466 877 1520 913 80

193 933 293 981 Ηλ.
332 927 504 989 Ελὲνη,
531 953 573 980 τι
602 952 669 981 σοι
698 926 942 998 Myozpo’*
909 953 975 990 αν,
1004 955 1098 996 aye
1128 933 1318 1004 magoda-⁹
1351 934 1470 1005 ὁξᾷς,

230 1103 283 1132 73.
294 1103 348 1132 74.
370 1100 493 1130 Horum
506 1109 657 1130 versuum
671 1099 829 1130 sententia

184 1145 297 1180 facilis,
315 1144 507 1174 constructio
522 1143 685 1183 impedita.
708 1143 828 1173 Heath-

186 1188 237 1217 ius
252 1197 290 1217 ex
306 1187 479 1218 Scholiaste
497 1185 565 1226 ἔχει
578 1196 634 1226 pro
648 1185 716 1224 ἔφυ.
767 1185 829 1215 Sed

184 1231 235 1260 vix
247 1235 335 1270 puto,
347 1230 543 1260 Scholiasten
556 1229 601 1259 ita
611 1229 727 1269 legisse
738 1239 745 1265 3
761 1233 829 1258 tan-

184 1278 252 1303 tum
275 1273 406 1313 exponit
426 1272 485 1311 ἔφυ
509 1282 565 1312 per
587 1270 692 1310 ἔφυτε,
717 1276 749 1302 et
771 1271 830 1302 hoc

185 1326 242 1356 per
257 1315 363 1355 ἔχετε.
408 1315 561 1355 Exempla
583 1315 743 1355 phraseos,
767 1317 831 1346 πῶς

183 1358 254 1396 εἰμὶ,
265 1359 372 1389 attulit
382 1357 419 1387 M
423 1358 597 1399 usgravius,
609 1357 665 1387 sed
675 1368 713 1387 ex
724 1357 831 1388 minus

183 1402 323 1441 probatis
339 1401 530 1437 auctoribus,
554 1400 706 1436 Luciano,
724 1401 826 1430 AElia-

184 1454 235 1480 no,
254 1445 396 1475 Juliano.
425 1444 527 1474 Addit
540 1443 733 1473 Scholiastes
747 1455 753 1472 :
770 1443 826 1482 ἆγ-

181 1487 325 1519 νοοῦντές
346 1499 430 1518 τινες
452 1486 489 1517 τὸ
512 1486 563 1517 ὅδε
580 1485 648 1516 ἀντὶ
663 1487 721 1517 τοῦ
741 1485 828 1518 &oms

182 1530 288 1567 φασίν.
305 1529 374 1562 ἔστι
389 1530 422 1562 δὲ
434 1529 485 1561 ὅδε
495 1529 544 1560 διὰ
557 1527 656 1568 μέσου
666 1528 828 1560 δεικτικόν.

180 1572 327 1603 Fortasse
340 1573 388 1603 illi
403 1573 437 1604 ὃς
452 1574 607 1612 legerunt.
643 1572 732 1602 Nihil
749 1582 823 1602 sane

179 1616 294 1646 melius·
307 1616 413 1651 video,
427 1626 521 1664 quam
534 1620 569 1645 ut
583 1615 628 1645 ita
643 1616 774 1655 legatur,
792 1620 825 1645 et

179 1660 247 1689 haec
278 1659 318 1689 sit
333 1659 537 1693 constructio,
567 1659 631 1689 πῶς
657 1659 749 1698 (ἐστε
773 1658 823 1688 vel

177 1700 290 1742 ἔχετε)
324 1700 475 1741 [Praestat
510 1700 615 1742 ἔχετε,
645 1710 822 1741 quanquam

178 1745 265 1784 prius
287 1754 349 1774 non
374 1745 532 1774 damnem.
576 1743 638 1773 In
630 1744 690 1779 iis,
698 1753 767 1784 quae
782 1743 821 1773 ad

178 1785 317 1828 Dionys.
330 1787 404 1817 Hal.
420 1787 459 1817 de
475 1786 513 1817 C.
532 1785 572 1817 V.
565 1797 617 1827 ..p
632 1790 684 1817 76.
696 1786 819 1827 scripsi,

175 1835 249 1860 sunt
263 1839 333 1869 quae
351 1830 514 1861 retractari
534 1834 678 1870 poscant.
721 1829 822 1860 Velut

173 1872 207 1902 in
222 1872 323 1913 ipsius
339 1872 487 1913 Dionysii
503 1873 573 1903 loco
584 1871 733 1912 πρότερον
745 1870 821 1903 εἶναι

175 1920 224 1945 est
251 1921 259 1933 ‘
272 1916 358 1956 prius
373 1914 548 1951 exsistere,’
574 1925 636 1945 non
662 1920 669 1932 ‘
682 1915 819 1955 priorem

175 1958 268 1994 esse‚'
291 1963 324 1987 et
338 1958 371 1988 in
387 1957 568 1994 Homerico,
584 1957 669 1998 quod
683 1958 818 1998 primum

174 2001 278 2039 posui,
289 2001 346 2038 δὴν
354 1999 394 2038 ἣν
403 2006 452 2030 est
464 2005 472 2018 ‘
482 2001 537 2031 diu
550 2001 646 2036 vixit,’
657 2009 721 2030 non
733 2006 741 2018 ‘
749 2001 818 2030 lon-

174 2053 281 2082 gaevus
295 2043 378 2079 fuit,’
387 2043 653 2084 quemadmodum
663 2042 719 2080 δὴν
728 2042 818 2074 πέλει

171 2086 206 2115 in
229 2085 344 2117 Solone
359 2097 388 2116 ν.
413 2089 464 2117 16.
488 2086 563 2117 ‘diu
581 2086 718 2116 durant.'
760 2085 816 2122 At,

172 2128 288 2168 inquit,
315 2129 488 2168 posteriora
510 2139 529 2159 a
550 2129 708 2169 prioribus
722 2139 817 2159 sensu

172 2180 236 2201 non
262 2171 456 2212 discrepant.
501 2171 712 2202 Verissimum
735 2172 814 2202 hoc:

172 2214 230 2243 sed
245 2214 285 2244 ad
301 2215 533 2252 grammaticam
549 2214 755 2244 subtilitatem
765 2214 815 2244 in-

172 2262 220 2286 ter
230 2267 263 2286 se
273 2257 471 2296 aliquantum
480 2256 641 2287 differunt.
658 2258 701 2287 G.
710 2257 755 2287 H.
764 2257 813 2298 S.]

172 2298 214 2328 σύ
228 2311 264 2330 τε
278 2298 468 2338 κασίγνητός
483 2311 520 2330 τε
535 2300 589 2331 σὸς
605 2298 768 2340 Ὀρέστης,
780 2299 814 2330 as

174 2341 234 2380 ἔφυ
247 2340 364 2382 μητρὸς
379 2342 509 2381 φονεύς;
526 2342 620 2378 Quod
635 2342 675 2372 ad
689 2344 753 2373 πῶς
767 2348 812 2372 at-

170 2384 259 2420 tinet,
283 2385 428 2415 similiter
449 2385 615 2415 adhibetur
629 2384 723 2426 Cycl.
739 2388 813 2417 206.

170 2427 240 2457 Πῶς
254 2439 307 2465 μοι
322 2429 389 2458 κατ’
404 2426 501 2468 ἄντρα
519 2426 651 2466 νεόγονα
669 2425 813 2464 βλαστή-

170 2480 265 2505 ματα,
270 2469 312 2500 H
329 2469 404 2507 πρός
418 2481 458 2509 ’γε
471 2471 604 2509 μαστοῖς
618 2469 696 2507 εἷσί;
719 2470 810 2500 Post-

171 2521 265 2549 quam
287 2513 354 2543 haec
380 2514 576 2553 scripseram,
601 2513 722 2543 contuli
746 2512 811 2542 Ms.

171 2552 259 2585 Harl
274 2557 371 2586 6300.
383 2561 447 2586 tres
457 2556 576 2596 priores
586 2556 673 2587 fabul
676 2565 710 2586 as
725 2564 808 2586 com-

873 1101 1077 1141 plectentem,
1103 1103 1356 1135 recentissimum
1377 1105 1516 1146 quidem,

872 1153 936 1173 non
965 1151 1071 1176 tamen
1100 1147 1377 1178 contemnendum
1422 1148 1516 1180 Hune

874 1188 1004 1226 posthac
1032 1190 1148 1219 vocabo
1179 1190 1210 1220 J.
1255 1190 1316 1220 Hie
1342 1201 1437 1231 supra
1462 1194 1515 1222 26.

873 1229 1021 1270 παρθένῳ,
1044 1234 1096 1263 30.
1118 1231 1222 1272 φέρον,
1247 1232 1362 1264 deinde
1380 1238 1432 1265 35.
1450 1235 1466 1264 ὁ
1482 1234 1516 1266 δὲ

874 1272 907 1302 in
942 1278 1042 1310 textu,
1078 1274 1111 1306 ὅς
1136 1276 1394 1316 suprascriptum,
1429 1278 1513 1326 quod

874 1320 979 1346 utrum
993 1328 1046 1357 pro
1061 1319 1204 1358 glossane
1219 1319 1270 1354 sit,
1295 1329 1335 1349 an
1359 1329 1416 1360 pro
1433 1322 1516 1351 varia

874 1358 1021 1395 lectione,
1051 1361 1193 1401 paullum
1217 1361 1340 1392 dubito.
1392 1362 1514 1394 Eodem

871 1403 964 1432 modo
987 1403 1019 1432 in
1036 1406 1089 1434 74.
1111 1414 1205 1444 supra
1220 1403 1270 1435 ὅδε
1294 1405 1387 1435 habet
1401 1405 1444 1441 ὃς,
1473 1406 1512 1436 de

871 1454 934 1484 quo
950 1446 1062 1476 eadem
1074 1448 1212 1477 nascitur
1224 1448 1366 1487 quaestio.
1389 1447 1511 1479 Adver-

872 1489 934 1518 sari
949 1489 1073 1519 videtur
1095 1490 1286 1520 Scholiastes
1306 1490 1420 1521 modus
1435 1492 1512 1522 cita—

871 1535 934 1561 tus.
962 1531 1024 1561 Sed
1039 1532 1077 1568 is,
1093 1532 1118 1562 si
1134 1533 1166 1562 in
1182 1532 1291 1563 codice
1306 1543 1464 1574 quoquam
1478 1534 1512 1566 ὃς

868 1574 1114 1614 suprascriptum
1127 1575 1269 1611 vidisset,
1285 1576 1377 1606 facile
1389 1587 1446 1617 pro
1460 1578 1507 1607 in·
1546 1600 1549 1605 .

867 1620 1114 1656 terpretamento
1129 1628 1241 1658 capere
1256 1619 1422 1659 potuisset,
1436 1619 1511 1650 licet

867 1668 975 1690 revera
1000 1666 1085 1691 esset
1108 1661 1232 1691 varians
1259 1662 1366 1692 lectio.
1410 1662 1508 1698 Quic-
1556 1667 1562 1671 '

867 1702 943 1741 quid
971 1703 1021 1739 sit,
1045 1713 1108 1733 non
1135 1714 1230 1733 ausus
1255 1714 1325 1734 sum
1355 1704 1400 1740 as,
1425 1706 1510 1745 quod

864 1745 953 1775 nulla
962 1745 1080 1776 diserta
1089 1747 1273 1777 auctoritate
1281 1747 1438 1778 munitum
1448 1754 1507 1784 est,

863 1786 897 1816 iu
912 1793 1032 1819 textum
1046 1789 1198 1829 recipere.
1242 1790 1296 1820 Sin
1310 1790 1423 1831 aliquis
1437 1796 1509 1831 post

863 1839 913 1859 me
937 1831 1085 1862 audacior
1105 1832 1247 1873 recipiet,
1268 1833 1365 1863 faciet
1378 1843 1442 1864 non
1458 1844 1506 1864 so

864 1872 929 1902 lum
944 1874 1096 1914 patiente,
1118 1875 1174 1905 sed
1194 1876 1290 1905 etiam
1311 1878 1505 1916 approbante

860 1924 923 1946 me.

905 1961 958 1989 79.
981 1957 1062 1990 ὅπως
1075 1960 1099 1989 δ’
1113 1958 1253 1991 ἔπλευσα
1264 1960 1340 1991 Ald.
1354 1966 1386 1991 et
1395 1971 1502 1991 omnes

862 1999 942 2031 Mss.
965 2002 1003 2038 δὴ
1019 2012 1056 2032 ex
1073 2002 1197 2032 Reiskii
1210 2004 1389 2045 conjectura
1404 2004 1504 2034 edidit
1553 2007 1558 2011 ’

862 2042 1052 2075 Brunckius.
1088 2045 1151 2075 Sed
1164 2056 1237 2076 cum
1251 2047 1281 2076 in
1298 2047 1355 2077 hac
1368 2046 1502 2077 formula

862 2086 1047 2125 particulam
1068 2088 1161 2118 istam
1176 2089 1342 2119 admissam
1356 2098 1419 2119 non
1435 2100 1501 2119 me-

861 2128 1017 2165 minerim,
1038 2130 1154 2161 delevi.
1197 2132 1274 2161 Mox
1290 2131 1350 2170 ἥγε
1366 2142 1419 2173 pro
1443 2131 1501 2170 ἂγε

861 2170 999 2211 Kingius
1010 2172 1110 2203 edidit
1121 2184 1156 2203 ex
1171 2173 1212 2204 R.
1224 2175 1309 2214 quod
1323 2173 1396 2204 ideo
1410 2180 1501 2205 nota-

860 2213 902 2249 vi,
919 2224 957 2244 ne
970 2216 1051 2255 quis,
1065 2217 1204 2256 regulam
1218 2222 1356 2247 nostram
1372 2217 1412 2247 de
1424 2227 1499 2247 ana-

859 2257 963 2296 paestis
974 2258 1224 2299 impugnaturus,
1235 2259 1380 2290 codicum
1391 2266 1499 2290 aucto-

857 2299 982 2330 ritatem
1011 2300 1180 2332 desideret.
1224 2302 1311 2332 Infra
1336 2305 1411 2334 526.
1442 2303 1498 2333 So-

858 2342 962 2381 phocl.
977 2342 1049 2373 OEd.
1066 2343 1105 2374 C.
1124 2347 1218 2375 1209.
1260 2344 1386 2375 Leviter
1402 2346 1501 2375 corri

857 2384 980 2423 gendus
995 2385 1223 2427 Aristophanes
1238 2387 1410 2418 Athenaei'
1403 2387 1447 2417 ιίἰ.
1464 2398 1496 2428 p.

854 2429 908 2457 95.
920 2427 952 2457 F.
963 2427 1021 2459 Καὶ
1032 2428 1103 2467 μὴν
1115 2428 1153 2459 τὸ
1163 2430 1234 2460 δεῖν’
1237 2430 1430 2470 ,ἃκροκώλι’,
1439 2429 1497 2468 ἄγε

856 2481 906 2500 σοι
930 2469 1065 2511 τέτταρα
1086 2470 1217 2512 ’Ἠψησα
1230 2471 1357 2512 τακερά.
1402 2472 1497 2512 [Post

856 2511 936 2544 ὅπως
961 2513 1100 2545 ἔπλευσα
1120 2515 1313 2555 interpunxi,
1328 2519 1361 2545 ut
1376 2515 1494 2555 ubique

855 2561 928 2596 post
941 2557 1018 2588 talia
1031 2563 1165 2598 oportet.
1191 2558 1234 2589 G.
1250 2558 1296 2590 H.
1311 2557 1344 2590 S.
1347 2558 1362 2599 ]
