1566 2789
171 85 245 133 520

592 86 1094 136 ΕΥΡΙΠΙΔΟΥ

168 223 269 271 Ηλ.
311 218 344 271 εἷ
368 220 634 292 βοστρύχων
661 221 833 280 πινῶδες
861 219 1014 274 οἵθλιον
1040 223 1176 294 κάρα,

241 295 292 354 ὦς
322 295 537 366 ἦγξῖωσαι
567 295 643 346 διὰ.
668 300 856 366 μακξοῖς
885 296 1122 355 ἀλουσίας.

1409 313 1493 350 220

167 372 255 440 Og-
295 368 508 436 κλινονμ]
539 369 579 427 ἐς
610 369 721 428 εὐνην
747 367 930 428 αὖθις“’
910 394 1014 422 οταν
1036 373 1116 428 ἀνῆ
1145 394 1260 429 νοσος

238 444 407 512 μανιάς
429 444 492 512 μ’,
519 442 727 515 οἵναξθξος
757 446 860 512 εἷαι,
886 446 1079 495 κάσθενῶ
1103 443 1242 511 μέλη.

168 522 272 569 Ηλ.
315 514 408 569 ι’ὂου
437 517 564 582 φίλον
591 541 656 569 τοι
679 521 740 584 τῷ
767 519 952 569 νοσοῦντι
977 516 1153 586 δεμνιον,

240 589 413 662 ἀνιαξον
441 616 480 642 ον
508 615 557 642 το
584 615 733 658 κτημ,
760 594 1009 656 ἀναγκαιον
1039 591 1078 643 δ’
1109 591 1239 660 ὅμως.

164 670 252 738 O?-
293 663 419 724 αὐθῖς
439 665 487 733 μ’
519 665 559 724 ἐς
587 662 700 735 ὂξθον
728 669 896 725 στῆσον,
917 664 1167 716 ἀνακύκλει
1196 665 1354 734 δέμας.
1407 684 1490 720 225

163 744 249 792 Χο.
291 739 558 810 δυσαξεστον
585 741 625 790 οἱ
652 741 865 797 νοσοῦντες
893 740 1083 810 ἀποξῖας
1111 739 1209 791 ὕπο.

165 818 266 865 Ηλ.
310 811 336 872 ἦ
362 814 475 864 κάπὶ
506 813 648 877 γαίας
677 813 878 885 αξμόσαι
906 813 1046 871 πόδας
1074 813 1225 874 θέλεις,

238 887 403 959 χξόνιον
431 887 553 956 ι”χνος
582 887 688 946 θείςς
716 886 966 956 μεταβολὴ
994 889 1159 939 πάντων
1188 888 1358 952 γλυκύ.

204 1028 277 1056 219.
293 1023 440 1064 Intellige
461 1022 551 1054 ἕνεκα
574 1028 646 1053 ante
668 1023 800 1064 βοστρύ-

158 1079 236 1107 χων.
282 1067 373 1108 [Non
386 1067 521 1107 intelligi
537 1067 610 1096 satis
625 1072 711 1107 patet
724 1079 729 1096 :
742 1068 804 1097 sor-

160 1118 243 1140 tasse
260 1111 361 1140 minus
379 1115 496 1150 pateat,
515 1120 585 1150 quae
601 1110 641 1139 sit
654 1110 734 1140 ratio
750 1121 802 1150 ge-

159 1154 261 1184 nitivi.
299 1153 361 1183 Sed
379 1153 456 1182 talia
470 1163 534 1183 non
551 1158 623 1182 sunt
639 1153 801 1184 rarissima.

160 1195 318 1237 Compara
340 1195 533 1225 simillimum
549 1195 721 1225 Mnasalcae
738 1196 804 1226 viii.

157 1238 273 1279 κράναν
294 1239 321 1270 τ’
338 1238 484 1278 αἰγείροιο
508 1237 687 1268 κατάσκιον·
708 1249 803 1278 quam

157 1283 342 1323 scripturam
365 1281 455 1311 unice
474 1291 578 1310 veram
594 1282 687 1311 miror
701 1282 800 1311 virum

158 1326 315 1365 egregium
341 1324 455 1356 iterum
481 1324 646 1364 sprevisse.
673 1323 711 1354 V.
730 1325 800 1354 Me-

158 1367 214 1398 let.
231 1367 309 1398 Crit.
326 1376 357 1406 p.
376 1370 448 1397 138.
481 1366 526 1396 Ut
550 1367 616 1396 illie
638 1365 737 1406 κράνα
753 1367 802 1397 di-

158 1411 240 1440 citur
266 1408 432 1440 κατάσκιος
456 1410 495 1438 ob
519 1409 635 1439 arboris
650 1410 800 1445 umbram,

157 1453 203 1483 ita
217 1453 268 1483 hic
283 1451 361 1492 κάρα
371 1454 496 1483 πινῶδες
512 1453 550 1480 ob
562 1452 746 1491 capillorum
763 1453 799 1481 il-

158 1496 287 1525 luviem.
314 1496 356 1526 G.
373 1495 420 1525 Η.
434 1495 484 1534 S.]
530 1494 652 1524 Frustra
680 1495 798 1525 enalla-

156 1548 218 1578 gen
234 1538 351 1578 cogitat
366 1537 545 1568 Brunckius
560 1542 630 1577 post
645 1538 798 1567 Scholias-

155 1586 209 1611 ten
240 1586 272 1610 et
296 1580 460 1620 Kingium.
506 1579 623 1609 Versus
646 1590 663 1609 a
693 1580 798 1611 Schol.

156 1623 304 1654 laudatus
319 1629 368 1653 est
365 1605 543 1676 0Apollonii
560 1621 665 1652 Rhod.
676 1622 710 1652 ii.
724 1626 798 1653 200.

155 1666 232 1706 πίνῳ
255 1665 292 1697 δέ
312 1666 340 1696 οἱ
364 1665 494 1696 αιίάλεος
515 1665 597 1704 χρὼς
617 1665 796 1701 Ἐσκλήκει.

155 1708 205 1738 Ibi
221 1714 271 1739 est
285 1707 324 1739 τέ
337 1715 369 1738 et
384 1705 570 1742 αὺστοίλεος,
593 1708 672 1737 illud
695 1709 796 1749 pejuS,

155 1752 214 1782 hoc
224 1762 288 1781 non
300 1752 426 1786 melius,
435 1750 571 1781 δὲεῐίἣῐιι
581 1750 687 1780 schol.
698 1750 797 1791 Apol-

154 1794 242 1824 lon.'
236 1795 269 1825 1i.
286 1797 361 1825 302.
399 1794 574 1835 [Pusillum
589 1798 739 1822 accentus
752 1794 796 1823 vi-

153 1837 235 1867 tium
251 1837 439 1871 Porsouum,
462 1841 499 1865 ut
514 1836 545 1864 in
561 1835 718 1865 similibus
733 1836 797 1866 for-

153 1880 212 1909 mis
235 1879 313 1909 alios
335 1880 384 1920 (v,
400 1878 574 1908 Aristarch.
592 1877 795 1908 Anti-Blom-

154 1921 240 1952 field.
265 1932 296 1962 p.
322 1925 354 1952 7.
385 1932 432 1961 sq.
457 1921 560 1958 112),
576 1921 669 1960 fugit.
712 1920 796 1951 Nam

153 1965 248 1994 scrib.
271 1964 415 2000 αὐαλέος,
443 1962 627 1994 αὐσταλέος.
663 1963 702 1993 V.
719 1963 795 2004 Ety-

153 2006 230 2038 mol.
248 2007 296 2037 M.
319 2018 348 2039 c.
375 2009 448 2038 261.
469 2016 516 2046 sq.
541 2006 630 2046 cujus
653 2006 796 2036 doctrina

152 2049 246 2088 longe
275 2055 404 2088 praestat
432 2048 637 2079 balbutientis
666 2047 794 2078 Arcadii

150 2092 430 2132 praeceptiunculae
441 2102 472 2132 p.
483 2094 538 2122 38.
549 2101 597 2130 sq.
625 2091 667 2121 G.
680 2091 725 2121 H.
739 2091 793 2132 S.]

195 2137 271 2166 221.
295 2135 372 2164 Ald.
396 2133 471 2164 ὅταν
490 2134 521 2172 μ’
545 2132 604 2175 ἀνῇ
626 2132 717 2165 νόσος
737 2146 795 2172 μα-

151 2175 227 2208 νίας.
273 2177 373 2207 Delet
386 2177 417 2214 μ’
445 2176 612 2212 Heathius,
635 2181 721 2206 recte
746 2187 794 2206 re·-

151 2226 311 2260 pugnanve
328 2220 502 2250 Brunckio.
531 2219 607 2259 Ipse
623 2218 654 2248 in
669 2228 794 2249 versum

151 2262 328 2302 proximum
342 2261 535 2302 transposui.
580 2261 739 2291 Praeterea
754 2271 793 2291 ex

151 2305 336 2335 Scholiastae
358 2305 546 2335 auctoritate
567 2308 734 2334 accentum
761 2304 793 2334 in

150 2358 261 2385 μανιας
277 2348 408 2383 mutavi,
426 2352 459 2377 et
472 2357 508 2376 ex
525 2346 721 2376 substantivo
737 2346 791 2375 ad-

143 2389 298 2430 jectivum
322 2390 394 2421 feci.
439 2388 583 2427 μανιάσιν
607 2388 710 2420 νόσοις
734 2388 791 2418 So-

150 2433 256 2471 phocl.
272 2432 325 2474 Aj.
348 2436 400 2463 59.
445 2430 589 2470 μανιάσιν
611 2430 792 2469 λυσσημασι

149 2484 222 2504 mox
237 2478 313 2506 264.
327 2474 446 2507 λύσσας
460 2473 604 2513 μανιάδος
618 2477 691 2505 320.
712 2472 790 2504 λύσ-

149 2528 192 2547 σα
201 2517 309 2555 μαινὰς
318 2518 430 2557 frag-m.
441 2517 526 2557 apud
536 2517 694 2546 Stobaeum
701 2516 791 2546 Grot.

147 2569 181 2599 p.
194 2563 272 2591 241.
286 2560 342 2590 ubi
357 2570 430 2591 cum
445 2559 607 2590 Plutarchi
623 2558 720 2589 editio
736 2559 790 2588 Al-

149 2602 272 2677 dinadp.
285 2606 359 2636 757.
371 2602 412 2633 A.
428 2603 482 2634 det
491 2602 611 2642 μανίας,
622 2600 791 2642 legendum

150 2657 221 2683 μανι
246 2657 270 2677 ς.

890 1026 964 1054 222.
991 1023 1054 1053 Pro
1068 1023 1150 1061 μέλη
1166 1024 1282 1054 habeut
1297 1023 1390 1063 δέμας
1405 1025 1447 1055 H.
1458 1026 1490 1056 J.

847 1065 933 1106 Aug.
950 1069 981 1097 2.
1012 1066 1149 1096 Difficile
1165 1072 1213 1097 est
1228 1068 1357 1107 eligere.
1391 1068 1428 1098 In
1445 1070 1489 1098 al-

847 1117 949 1139 terum
961 1110 1078 1139 desinit
1095 1120 1200 1140 versus
1215 1113 1289 1142 216.
1304 1111 1337 1141 in
1354 1110 1487 1141 alterum

889 1198 965 1225 ⁶223.
987 1207 1019 1225 τι
1033 1195 1083 1224 ed.
1100 1195 1196 1236 King.
1211 1205 1247 1224 ex
1264 1195 1345 1225 Mss.
1357 1195 1486 1235 quibus-

846 1238 927 1268 dam.

888 1283 963 1311 224.
986 1280 1163 1320 Utrumque
1171 1280 1276 1321 junxit
1288 1279 1415 1310 Evenus
1426 1280 1486 1311 Pa-

843 1323 909 1353 rius
925 1322 1010 1362 apud
1028 1323 1187 1353 Plutarch.
1201 1329 1224 1353 t.
1240 1323 1272 1352 ii.
1288 1333 1320 1362 p.
1336 1326 1430 1354 1102.
1448 1324 1486 1353 B.

845 1367 913 1396 Πᾶν
941 1366 1002 1405 ’γὰρ
1031 1365 1199 1404 ἀναγκαῖον
1226 1365 1342 1405 πρᾶγμ’
1362 1365 1485 1406 ἀνιηρὸν

845 1408 913 1448 ἔφυ.
943 1409 994 1438 De
1010 1414 1109 1438 metro
1124 1410 1210 1438 vocis
1223 1408 1344 1447 ἀνιαρὸς
1359 1408 1429 1439 vide
1445 1410 1484 1438 ad

844 1451 954 1481 Pnoen.
971 1454 1064 1482 1334.
1081 1452 1212 1491 (1353.)

887 1497 961 1525 228.
984 1494 1074 1523 Hanc
1090 1494 1290 1529 sententiam,
1314 1503 1377 1523 non
1402 1504 1484 1524 sem-

844 1546 900 1576 per
916 1546 1029 1571 νοτίων,
1047 1538 1127 1566 intra
1151 1537 1279 1566 artiores
1305 1537 1383 1566 fines
1409 1547 1483 1567 con-

843 1580 938 1609 trahit
953 1579 1046 1608 Herc.
1064 1579 1095 1608 F.
1113 1581 1207 1609 1295.
1237 1578 1424 1619 Κεκλημένῳ
1450 1579 1483 1610 δὲ

843 1622 923 1661 φωτὶ
938 1621 1076 1660 μακαρίῳ
1090 1620 1166 1651 ποτὲ
1180 1622 1218 1652 Αἰ
1232 1621 1407 1659 μεταβολαὶ
1429 1628 1483 1652 λυ-

841 1663 949 1704 πηρόν.
997 1664 1096 1693 Ridet
1125 1664 1275 1694 Comicus
1306 1674 1483 1705 anonymus

840 1707 988 1746 (fortasse
1004 1706 1259 1736 Anaxandrides:
1286 1706 1356 1737 vide
1382 1707 1481 1737 Athe-

840 1759 943 1779 naeum
962 1760 1010 1780 κν.
1029 1760 1060 1789 p.
1076 1751 1150 1780 694.
1166 1748 1217 1788 F.)
1229 1750 1313 1788 apud
1325 1750 1483 1780 Scholias-

841 1797 906 1827 ten,
923 1792 968 1821 ita
982 1792 1134 1831 legendus
1150 1801 1209 1831 ope
1226 1792 1291 1821 Ms.
1304 1793 1484 1832 Augustani

840 1835 925 1874 apud
943 1835 1148 1864 Valckenaer.
1173 1834 1276 1864 Diatr.
1302 1846 1334 1875 p.
1359 1837 1433 1866 229.
1444 1835 1483 1866 ‘O

840 1880 958 1916 πρῶτος
972 1877 1075 1913 εἰπὼν,
1086 1878 1248 1915 μεταβολὴ
1264 1876 1388 1908 πάντων
1402 1883 1479 1916 ’γλυ-

841 1920 890 1957 κὺ,
914 1920 984 1958 Οὐχ
1000 1920 1127 1958 ὑγίαινε,
1151 1919 1284 1950 δέσποτ’·
1301 1921 1336 1950 ἐκ
1349 1919 1407 1958 μὲν
1420 1920 1482 1960 ’γὰρ

840 1962 936 1992 κόπου
957 1961 1268 2001 Γλυκεῖ’ἆνάπαυσις,
1290 1963 1325 1993 ἐκ
1348 1964 1372 1993 δ’
1388 1962 1481 1993 ἄλου-

839 2004 908 2036 «rias
922 2005 1010 2046 ὕδωρ,
1035 2005 1094 2036 Καὶ
1108 2005 1214 2036 τᾶλλα
1229 2005 1266 2043 δὴ
1280 2006 1408 2036 τοιαῦτ’·
1426 2005 1480 2036 ἐὰν

839 2048 865 2078 δ’
878 2049 914 2078 ἐκ
927 2047 1078 2078 πλουσίου
1089 2049 1220 2086 Πτωχὸς
1230 2047 1371 2086 γένηται,
1385 2060 1478 2086 μετα·

839 2091 921 2128 βολὴ
936 2090 1003 2129 μὲν,
1019 2090 1075 2127 ἡδὺ
1091 2091 1116 2121 δ’
1132 2092 1177 2122 οὔ.
1205 2091 1299 2121 “Ὠστ’
1315 2090 1388 2129 οὐχὶ
1402 2090 1479 2120 πάν-

837 2145 900 2163 των
914 2133 933 2170 ἡ
955 2133 1119 2171 μεταβολὴ
1142 2134 1179 2170 δὴ
1200 2132 1314 2172 γλυκύ.
1358 2132 1479 2163 Eodem

837 2176 967 2216 respicit
977 2175 1177 2217 Antiphanes
1193 2177 1275 2216 apud
1286 2175 1479 2206 Athenaeum

838 2229 868 2247 x.
882 2229 914 2258 p.
931 2222 1005 2249 446.
1020 2218 1063 2249 A.
1086 2219 1211 2258 Στροφὴ
1236 2217 1340 2257 λόγων
1364 2223 1479 2258 παρελ-

839 2260 916 2291 θέτω
928 2271 985 2292 τις·
995 2260 1052 2299 ἡδύ
1060 2261 1218 2292 τοιἘστὶν
1227 2261 1392 2299 μεταβολὴ
1400 2272 1477 2291 παν-

836 2303 891 2333 τὸς
907 2303 999 2343 ἔργου
1022 2304 1107 2341 πλὴν
1128 2303 1204 2335 ἑνός.
1250 2304 1368 2334 Levem
1393 2313 1478 2334 erro—

836 2356 900 2375 rem
917 2346 1075 2376 commisit
1090 2346 1136 2377 vir
1149 2356 1303 2381 summus,
1327 2346 1411 2386 quod
1432 2346 1477 2376 lo·

836 2399 907 2418 cum
923 2399 962 2419 ex
978 2389 1115 2419 Hercule
1130 2390 1262 2429 petitum
1274 2389 1314 2418 ad
1328 2389 1479 2419 incertam

834 2431 973 2462 fabulam
987 2432 1156 2461 rettulerit.
1196 2431 1258 2461 Pro
1272 2431 1376 2470 ’γλυκὺ
1389 2430 1478 2461 Harl.

834 2473 892 2510 ἡδὺ
906 2485 975 2504 cum
986 2473 1159 2504 Scholiaste
1170 2474 1381 2514 Hermogenis
1393 2472 1477 2504 inter

834 2515 911 2545 Aldi
928 2516 1083 2546 Rhetoras
1107 2521 1132 2546 t.
1157 2516 1188 2546 ii.

835 2558 1002 2588 Eustathio
1028 2558 1069 2588 ad
1095 2558 1135 2589 ΙΙ.
1149 2563 1182 2590 P.
1206 2570 1239 2599 p.
1269 2561 1363 2589 1093.
1389 2561 1474 2589 51:

836 2603 931 2632 1124.
954 2604 1006 2632 43.
1026 2601 1090 2631 Od.
1105 2605 1141 2632 A.
1158 2604 1252 2632 1404.
1265 2603 1405 2633 54:38.
1423 2603 1475 2630 50.

838 2642 901 2674 Od.
915 2647 949 2675 Φ.
966 2646 1061 2676 1910.
1077 2646 1237 2677 3οΞ761.
1251 2646 1302 2675 18.
1318 2643 1408 2674 Idem
1429 2648 1476 2672 ta-

1213 2526 1245 2557 p.
1270 2519 1344 2548 376.
1368 2518 1421 2547 25.
1443 2520 1477 2545 et
1523 2519 1531 2523 ’
1556 2528 1559 2531 -
