1565 2834
489 82 670 114 INDEX
709 80 954 113 GRAECUS.

55 174 230 216 Διόσκοροι,
247 175 430 216 Διόσκουροι
445 179 509 209 462

58 217 151 257 δόμος
167 227 198 249 et
212 219 303 258 ’γόνος
323 220 452 250 confusa
469 223 540 252 177.
558 222 631 252 319.
648 217 697 251 δό-

98 273 168 299 μον,
184 262 294 301 δόμους
306 265 367 294 331

57 303 176 343 δράκων
189 308 252 337 473

56 348 132 388 δρᾷν
147 346 222 387 αἷμα
234 351 310 380 400.
326 348 505 389 δεδραμένος
517 354 549 380 et
560 359 699 391 πεπραγ-

99 389 200 428 μένος,
217 397 278 422 etc.
298 393 427 422 confusa
444 395 524 424 1311

58 434 172 473 δρομὰς
187 437 261 466 264.
276 438 337 466 827

57 475 150 509 δύειν.
167 476 314 509 δύσονται
329 479 436 516 αγῶνα
449 480 511 509 837

58 518 206 551 δύνασθαι
221 521 242 551 i.
259 533 289 563 q.
306 520 436 552 δυνατὸν
452 520 527 553 εἶναι
543 524 605 553 887

57 561 111 593 δύο
130 565 212 594 1550

58 607 219 646 δυστυχὴς
244 612 275 637 et
299 607 453 648 δυσχερὴς
475 607 602 638 confusa
626 609 701 638 598.

102 650 262 689 δυστυχὴς
274 656 304 680 et
320 651 478 690 συγγενὴς
493 651 624 681 confusa
638 653 700 682 485

59 693 214 733 δυσχερὴς
230 700 261 723 et
277 694 436 734 δυστυχὴς
451 694 580 724 confusa
597 697 659 725 598

61 735 121 767 δύω
131 746 187 776 pro
203 737 256 767 δύο
272 747 336 767 non
354 736 495 768 Atticum
513 740 596 768 1550

366 870 401 899 Ε.

60 952 170 983 ἑαυτοῦ
185 953 320 983 omnium
336 963 539 993 personarum
553 956 617 985 626

59 995 169 1035 ἐγείρω
185 1005 238 1036 pro
253 995 410 1037 ἐγείρομαι
424 1000 487 1029 288

62 1038 277 1078 ἐγκεραννύειν
293 1041 431 1080 κρατῆρα
447 1043 529 1072 1645

61 1081 134 1121 ἐγώ.
158 1082 263 1113 Crasis
284 1082 317 1113 in
342 1084 405 1123 ἐγὼ
427 1084 463 1114 οὐ
487 1087 561 1115 483.
585 1082 649 1122 ἐμὲ,
665 1095 704 1122 με

103 1127 180 1156 459.
196 1128 271 1157 726.
287 1128 362 1157 929.
377 1137 416 1157 an
431 1127 463 1166 μ’
474 1137 530 1167 pro
541 1139 594 1165 μοι
611 1130 704 1158 1338.

102 1180 163 1206 μου
187 1173 219 1198 et
241 1181 293 1207 μοι
318 1170 448 1201 confusa
463 1173 538 1201 291.
554 1182 605 1209 μοι
621 1175 653 1200 et
665 1182 705 1209 με

105 1211 236 1242 confusa
252 1215 325 1244 384.
343 1216 438 1244 1250.
454 1216 549 1244 1315.
564 1217 646 1244 1671

62 1271 101 1277 -
116 1266 142 1285 ει
158 1260 263 1295 ‹et—37
277 1256 482 1286 secundarum
500 1266 706 1297 personarum

104 1300 180 1329 404.
195 1300 270 1328 524.
285 1301 347 1330 771

63 1339 100 1371 ει’.
124 1339 178 1370 De
193 1341 424 1371 constructione
439 1342 472 1371 h.
489 1352 517 1372 ν.
534 1345 629 1373 1630.
652 1342 706 1372 In-

106 1385 273 1424 terrogatio
290 1390 360 1425 post
374 1384 399 1415 εῖ
416 1390 497 1414 recte
514 1385 546 1414 in
564 1386 708 1425 praesenti

107 1426 246 1463 effertur,
276 1427 419 1467 quamvis
446 1428 486 1458 ad
517 1428 706 1469 praeteritum

106 1471 263 1510 pertineat
277 1473 340 1502 283

63 1511 110 1544 εἷα
129 1516 210 1546 1634

62 1555 175 1588 εἰδέναι
191 1557 210 1587 1.
227 1567 257 1597 q.
275 1557 349 1598 ὁρᾷν
362 1559 424 1588 253

63 1598 161 1631 εἴδετε
173 1605 206 1630 et
219 1600 302 1631 ἴδετε
317 1600 447 1631 confusa
464 1603 524 1632 128

62 1642 132 1674 εἴδω
148 1646 210 1675 253

66 1685 201 1722 εἰκότως,
219 1686 285 1718 scil.
304 1686 372 1726 ἔχει
385 1690 447 1718 727

67 1729 136 1769 εἰμί.
161 1730 348 1771 Significans
378 1730 504 1772 ὕπαρξιν
530 1734 582 1762 73.
629 1731 708 1762 Cum

110 1773 265 1804 adverbiis
279 1773 420 1815 junctum
438 1778 489 1806 73.
512 1776 575 1806 πῶς
591 1773 650 1813 εἰμὶ
668 1778 708 1806 73

67 1817 108 1848 εἰς
122 1824 155 1847 et
168 1817 243 1857 πρὸς
259 1817 389 1848 confusa
403 1821 466 1848 437

67 1860 275 1901 εἰσέρχεσθαι.
316 1861 368 1890 De
386 1861 619 1893 constructione
634 1862 664 1892 h.
679 1872 709 1891 v.

111 1907 149 1935 13
159 1907 193 1935 17

68 1948 142 1978 εἵσω
157 1947 284 1984 βέλους,
301 1947 404 1987 ξίφους
421 1951 502 1979 1545

68 1991 103 2021 ἐκ
118 1990 369 2021 subaudiendum
384 1994 446 2022 887

68 2033 203 2065 ἕκαστος
218 2045 288 2065 cum
303 2035 397 2065 verbo
415 2034 528 2075 plurali
546 2036 627 2065 1694

70 2076 158 2108 ἕκατι
176 2076 291 2107 Atticis
303 2084 482 2117 usurpatum
500 2080 542 2108 26

70 2121 186 2152 ἐκεῖνος
203 2126 236 2151 et
250 2119 342 2152 οὗτος
355 2120 486 2151 confusa
498 2124 559 2151 585

68 2163 157 2200 ἕκτῃ-ι
173 2167 215 2195 26

71 2208 234 2246 ἐκκωφεΐν,
250 2206 411 2246 ἐκκωφοῦν
429 2209 512 2237 1279

70 2251 220 2283 ἐκλαλεῖν
234 2253 296 2281 228

72 2295 210 2334 ἐκπερᾳν
224 2298 255 2323 et
270 2293 445 2333 ἐκπληροῦν
460 2291 588 2322 cmnfusa
603 2294 645 2323 54

69 2336 238 2373 ἐκπλήθειν
253 2338 292 2367 de
304 2336 365 2372 via,
383 2341 445 2366 etc.
461 2339 502 2366 54

74 2380 252 2420 ἐκπληροῦν
266 2381 305 2410 de
322 2380 379 2415 via,
397 2384 459 2409 etc.
476 2381 527 2409 5-1.
544 2377 718 2418 ἐκπληροῦν

117 2428 150 2453 et
165 2423 297 2464 ἐκπερᾷν
313 2422 442 2452 confusa
456 2425 497 2453 54

77 2465 267 2503 ἐκπτήσσειν
283 2465 443 2496 transitive
461 2468 523 2495 288

77 2508 218 2541 ἑλίσσειν
232 2512 294 2540 881

77 2551 176 2583 ἐλπίς.
192 2552 262 2592 παρ’
281 2551 403 2585 ἐλπίδα,
417 2550 486 2590 παρ’
501 2542 625 2582 ἐλπίδας
642 2552 717 2581 966.

123 2596 170 2627 ἐπ’
189 2594 316 2626 ἐλπίδος
331 2594 473 2634 ὀχεῖσθαι
489 2596 529 2623 68

80 2636 238 2678 ἐμβαίνειν
252 2648 343 2669 sensu
359 2638 460 2668 activo
477 2637 560 2667 1427

1304 69 1389 110 105

744 176 786 206 ἐν.
804 175 877 206 ι’δεῖν
892 176 924 205 ἐν
939 174 1064 213 ὄμμασι,
1081 180 1142 205 etc.
1159 176 1243 205 1018

743 218 868 254 ἔναντα,
885 217 1009 249 ἐναντία
1025 220 1107 249 1485

744 261 836 293 ἕνεκα
850 262 1100 291 subaudiendum
1115 264 1179 292 219

745 303 846 345 ἔνεπε,
863 304 969 335 ἔννεπε
987 307 1070 336 1250

746 348 911 387 ἐνέχεσθαι
924 351 987 379 509

745 390 877 423 ἔνοπλος
893 397 923 421 et
941 392 973 422 ἐν
989 390 1098 422 ὅπλοις
1113 390 1243 421 confusa
1261 393 1340 422 1281

745 434 892 474 ἔνοπτρον
909 437 992 465 1110

745 477 894 517 ἐξογκοῦν
908 481 972 508 396

745 520 880 552 ἐπαινεῖν
896 523 979 551 1090

747 564 892 604 ἐπαίρειν.
924 563 975 594 De
987 562 1218 593 constructione
1232 563 1263 595 h.
1278 572 1309 593 V.
1327 564 1390 593 280

748 607 893 647 ἐπαρκεῖν
908 617 934 637 c.
952 613 1087 636 accusat.
1103 607 1166 636 793

748 649 899 691 ἐπᾷσσειν
913 659 1007 679 sensu
1025 649 1125 680 activo
1144 651 1225 680 1427

748 693 897 732 ἐπεὶ-’γε
916 696 997 724 1178

749 736 863 776 ἐπείγω
878 746 933 776 pro
949 734 1111 774 ἐπείγομαι
1124 737 1188 766 288

753 779 813 811 ἐπί.
840 779 890 810 ἐπί
903 790 986 810 τινος
999 778 1134 815 βάλλειν
1147 781 1221 810 297.
1243 777 1319 809 τάπί
1336 788 1392 808 σου

797 826 892 854 1272.
909 823 997 853 τούπ’
1015 821 1080 860 ἐμὲ,
1097 827 1157 853 etc.
1174 825 1269 853 1335.
1297 820 1345 851 ἐπὶ
1362 827 1392 850 et

793 866 869 907 πρὸς
884 866 1013 895 confusa
1027 868 1089 896 601

751 907 1016 948 ἐπιλαμβάνεσθαι
1034 907 1194 949 (culpare)
1209 910 1272 939 912

749 954 902 993 ἐπιορκεῖν
917 956 998 984 1531

751 995 959 1033 ἐπιπλήσσειν
976 997 1182 1036 (praesentem
1197 994 1330 1035 graviter
1345 993 1392 1023 in·

792 1040 937 1079 crepare)
954 1042 1017 1070 912

751 1082 898 1114 ἐπισείειν
912 1085 987 1113 219.
1003 1084 1065 1113 605

751 1126 924 1166 ἐπιστροφὴ
940 1128 1004 1156 910

751 1169 906 1208 ἐπώνυμος
924 1171 1005 1199 1004

750 1211 877 1254 ἑσπέρα,
896 1210 1026 1251 ἕσπερος
1041 1213 1103 1242 998

750 1254 973 1296 ἑταιρεία,--ία
986 1257 1071 1285 1070

752 1298 799 1331 ἔτι
822 1302 896 1330 896.
920 1308 938 1328 a
960 1298 1066 1333 verbo,
1090 1295 1131 1326 ad
1151 1295 1236 1337 quod
1251 1295 1396 1337 pertinet,

795 1341 982 1383 disjunctum
997 1343 1059 1372 499

753 1385 864 1415 εὐ-θῖ
878 1383 1075 1414 ἇ-οοοΐιιεο,
1088 1384 1153 1412 404

753 1427 834 1459 εὕειν
848 1427 922 1468 ἄτερ
939 1427 1036 1458 δαλοῦ
1051 1428 1113 1456 613

754 1471 967 1507 εὐλαβεῖσθαι.
992 1469 1043 1499 De
1057 1471 1225 1508 augmento
1240 1468 1271 1497 h.
1288 1479 1316 1499 V.
1333 1470 1397 1498 735

755 1513 889 1554 εὐμαρίς.
913 1513 964 1543 De
981 1512 1156 1554 quantitate
1173 1512 1204 1541 h.
1217 1521 1246 1540 v.
1263 1513 1346 1542 1634

754 1556 833 1589 εὖνις
848 1559 912 1588 919

755 1601 891 1642 εὐορκεῖν
908 1602 989 1631 1531

756 1644 902 1684 εὐτυχεῖν
917 1653 985 1674 cum
1003 1641 1172 1683 participio
1188 1642 1271 1672 1210

756 1686 856 1728 ἔχειν,
887 1686 1016 1725 ἔχεσθαι
1055 1688 1127 1716 141.
1164 1681 1294 1722 ἔχεσθαί
1318 1694 1400 1713 τινος

797 1734 873 1762 509.
891 1729 977 1770 ἔχειν
992 1728 1079 1766 δίκην
1091 1730 1167 1759 606.
1184 1727 1252 1766 ἔχει
1268 1724 1397 1756 subaud.

754 1816 908 1858 ἐχθαίρειν
924 1818 987 1847 292

754 1860 928 1901 ἐχθραίνειν
942 1862 1005 1890 292

756 1904 824 1943 ἔχις
839 1905 902 1935 473

757 1948 796 1979 ἕω
815 1950 873 1978 141

1063 2077 1095 2103 Z.

762 2162 847 2194 Ζεύς.
864 2160 937 2203 Διὸς
953 2166 984 2191 et
999 2159 1094 2197 Ζηνὸς
1109 2159 1239 2189 confusa
1258 2162 1338 2191 1709

1067 2335 1104 2361 Η.

762 2431 824 2460 -ῃ
841 2424 958 2449 et—et
979 2417 1183 2448 secundarum
1206 2428 1406 2459 personarum

805 2464 879 2494 404.
896 2463 957 2492 524

760 2504 780 2543 ἢ
797 2505 832 2536 οὐ
850 2514 903 2545 per
919 2502 1019 2534 crasin
1035 2503 1067 2532 in
1079 2513 1172 2534 unam
1190 2503 1341 2545 syllabam
1353 2514 1405 2535 co-

805 2548 945 2578 alescens
962 2549 1037 2578 591.
1053 2545 1073 2583 ἢ
1089 2551 1119 2576 et
1135 2545 1186 2577 καὶ
1200 2546 1330 2578 confusa
1343 2550 1404 2579 821

761 2588 787 2634 ᾗ
802 2596 833 2622 et
849 2589 881 2622 οἵ
893 2589 1020 2620 confusa
1036 2592 1131 2620 1127.
1149 2592 1232 2620 1694

763 2633 836 2674 ἡδὺς
852 2639 883 2664 et
898 2631 1017 2672 ’γλυκὺς
1030 2631 1158 2663 confusa
1171 2635 1234 2663 228
