1586 2834
535 124 958 181 OPEETHE.
1376 132 1408 185 7

147 268 199 326 ὦς
225 264 306 336 μὲν
328 264 547 332 λέγουσιν,
575 265 642 318 ὅτι
670 266 849 326 &sokei

817 263 1033 337 α’νθξωπος
1061 263 1124 327 ὢν,

720 336 779 356 21(

146 345 286 400 κοινῆς
314 342 540 432 τξοιπεζης
568 341 721 409 ἀξίωμ
761 362 872 410 εχων
900 339 1003 401 ἴσον,

148 415 411 468 ἀκόλαστον
437 411 550 486 ἔσχε
581 417 812 487 γλωσσαν,
839 415 1085 485 οιῖσγίστην
1114 437 1243 467 νοσον.

74 548 156 579 HSt.
171 547 222 579 καὶ
237 548 466 585 τελευτήσαντι
482 547 515 579 ἐν
530 546 635 589 ᾅδουῆ
648 545 724 588 ὑπὲρ

72 592 129 628 τῆς
157 592 300 631 κεφαλῆς
332 593 390 622 τοῦ
418 590 508 623 λίθου
535 589 721 627 τανταλεία,

74 634 236 674 θαυμαστὴ
259 635 299 666 ὣς
321 636 494 675 συμφώνως
515 635 561 673 τῷ
595 633 724 673 ὀνόματι

74 678 125 709 καὶ
141 678 284 717 ἀτεχνῶς
301 677 412 709 ἔοικεν.
436 677 623 718 Hyperides
638 677 724 718 apud

74 721 293 752 Alexandrum
316 722 401 752 inter
417 720 495 752 Aldi
512 721 672 751 Rhetoras
694 726 720 751 t.

71 765 94 794 i.
109 775 142 805 p.
158 767 232 796 581.
254 763 324 805 περὶ
338 765 515 805 διασυρμοῦ.
531 763 582 794 καὶ
598 765 614 794 5
627 763 721 795 αὐτὸς

74 807 124 838 ἐπὶ
139 809 197 845 τῆς
211 807 340 848 Φρύνης·
363 807 412 839 τίς
434 806 496 848 ’γάρ
523 807 612 838 ἐστιν
638 805 722 838 αἰτία

74 850 165 888 αὕτη,
188 851 216 882 εἲ
237 850 389 891 Ταντάλῳ
412 850 486 891 ὑπὲρ
507 851 565 887 τῆς
580 851 722 890 κεφαλῆς

72 894 159 925 λίθος
175 893 341 933 κρέμαται;
359 894 456 935 Lege,
468 893 501 925 τί
516 892 577 933 ’γάρ
589 893 676 924 ἐστιν
692 893 721 924 ἂ.

75 936 104 967 ἆ.
138 937 266 979 Nempe
282 937 429 973 Euthias,
444 938 537 967 homo
553 941 682 967 sanctus
691 941 724 967 et

72 981 252 1021 religiosus,
276 981 427 1022 Phrynen
447 980 648 1010 meretricem
663 980 723 1010 im-

74 1024 203 1064 pietatis
215 1034 303 1055 ream
318 1028 495 1064 peregerat.
539 1023 584 1059 Is,
601 1027 638 1053 ut
649 1023 723 1053 hinc

74 1072 216 1108 apparet,
236 1067 269 1097 iu
292 1068 433 1097 oratione
450 1076 507 1097 sua
522 1076 723 1097 communem

74 1110 179 1141 locum
191 1110 229 1141 de
242 1111 412 1152 impiorum
423 1109 508 1151 apud
519 1109 640 1140 inferos
656 1120 722 1150 poe—

73 1154 124 1185 nis
138 1154 267 1194 copiose
282 1158 473 1184 tractaverat
487 1164 496 1189 3
521 1153 573 1183 cui
588 1162 722 1193 respon-

73 1196 153 1227 dens
169 1197 353 1238 Hyperides
369 1197 433 1226 ait:
460 1196 548 1233 Quid
563 1200 631 1225 tum
648 1206 721 1236 pos—

73 1240 148 1270 tea?
179 1240 345 1271 Idcircone
373 1244 509 1270 mortem
533 1239 648 1269 merita
673 1243 723 1268 est

74 1283 215 1324 Phryne,
231 1283 259 1313 si
269 1283 404 1313 Tantalo
414 1292 524 1312 saxum
534 1281 720 1322 impendet?

74 1326 138 1356 Sed
152 1326 288 1368 Phrynae
301 1336 358 1356 sua
368 1325 469 1355 forma
479 1325 579 1365 magis
590 1324 721 1365 profuit,

73 1379 168 1409 quam
179 1369 304 1410 patroni
314 1368 508 1408 eloquentia.
531 1368 722 1398 Plutarchus

74 1412 113 1443 de
130 1413 299 1453 Superstit.
311 1417 335 1442 t.
347 1412 381 1441 ii.
396 1421 428 1451 p.
445 1414 518 1442 170.
534 1410 568 1440 F.
593 1410 649 1441 οὐκ
662 1411 721 1441 οἴε-

73 1468 125 1486 ται
141 1455 229 1487 θεοὺς
244 1460 320 1486 εἶναι
336 1455 352 1484 5
367 1453 467 1489 ἄθεος,
490 1455 507 1484 5
527 1453 560 1484 δὲ
578 1452 722 1484 δεισιδαί-

73 1511 139 1536 μων
161 1499 197 1530 οὐ
212 1497 377 1537 βούλεται,
401 1495 544 1528 πιστεύει
566 1495 600 1528 δὲ
625 1496 720 1527 ἄκων·

73 1542 239 1573 ἀποθανεῖν
257 1542 321 1582 ’γὰρ
335 1541 493 1581 φοβεῖται·
519 1539 575 1570 καί
595 1539 646 1571 τοί
670 1551 724 1579 γε,

74 1586 177 1625 ὥσπερ
192 1586 209 1616 5
228 1584 391 1616 Τάνταλος
414 1583 580 1615 ὑπεκδῦναι
598 1582 654 1614 τὸν
673 1582 722 1614 λί-

73 1630 128 1659 θον
143 1628 395 1668 ἐπαιωρούμενον,
411 1627 492 1658 οὕτω
503 1625 554 1657 καὶ
565 1624 656 1657 οὖτος
667 1625 725 1656 τὸν

73 1671 218 1712 φόβον,
203 1683 243 1703 ως
259 1671 320 1711 οὐχ
333 1670 432 1708 ἧτταν
446 1670 495 1700 ὑπ’
519 1669 613 1700 αὐτου
598 1667 723 1708 “megd-

71 1727 173 1754 μενος,
190 1714 384 1754 ἀγαπήσειεν
394 1713 443 1745 ἅν.
474 1712 648 1752 Antipater
659 1713 724 1742 An-

73 1759 193 1799 tholog.
204 1759 247 1788 iv.
260 1761 291 1789 9.
308 1760 338 1789 3.
353 1768 386 1798 p
397 1759 471 1788 316
483 1756 534 1786 ed.
547 1755 628 1786 HSt.
639 1756 726 1796 apud

73 1803 215 1833 Brunck.
230 1807 254 1831 t.
268 1801 303 1831 ii.
317 1812 350 1842 p.
367 1803 418 1831 18.
445 1798 598 1835 Τάνταλε,
615 1798 666 1830 καὶ
689 1810 726 1830 σε

71 1847 209 1885 ’γλῶσσα
223 1844 365 1879 διώλεσε,
383 1841 433 1874 καὶ
449 1841 504 1874 σέο
516 1840 640 1882 κούραν·
673 1840 724 1873 X&

72 1888 130 1928 μὲν
145 1887 313 1929 ἐπετρώθη,
335 1886 384 1917 σοὶ
399 1885 457 1917 δ”’
440 1898 490 1916 επι
513 1886 602 1923 δεῖμα
623 1883 722 1917 λίθος.

73 1932 240 1963 Hierocles
262 1931 295 1961 in
312 1929 420 1960 Aurea
440 1928 589 1959 Carmina
611 1939 643 1982 p.
668 1931 721 1959 90.

73 1975 124 2006 ed.
141 1974 319 2006 Needham.
341 1974 358 2003 5
381 1973 493 2004 ἀδικῶν
516 1971 552 2003 οὐ
568 1970 721 2006 βούλεται

74 2018 150 2050 εἰναι
179 2018 260 2053 θεὸν,
284 2017 336 2048 ἵνα
360 2016 402 2055 μη
424 2015 463 2046 τὸ
483 2014 598 2046 διδόναι
621 2013 719 2052 δίκην,

72 2060 205 2103 ὡσπερεί
218 2072 289 2092 τινα
300 2058 463 2090 Ταντάλου
477 2057 575 2093 λίθον,
599 2058 719 2098 ἐπικρε-

73 2104 210 2144 μάμενον
225 2103 296 2145 ἔχῃ·
311 2103 327 2133 5
344 2101 376 2133 δε
392 2101 590 2140 ἀδικούμενος
603 2100 718 2136 βούλε-

73 2160 126 2179 ται
149 2146 225 2179 εἶναι
247 2147 328 2185 θεὸν,
349 2145 386 2177 ‘lv’
408 2142 622 2186 ἐπικουρίας
601 2155 643 2175 ων
664 2143 718 2174 πέ-

73 2193 168 2222 πονθε
182 2190 278 2232 τύχῃ.
306 2189 448 2243 Sopater
460 2188 545 2243 apud
560 2187 719 2218 Stobaeum

73 2235 146 2264 xliv.
154 2245 187 2275 p.
197 2238 272 2265 311.
282 2235 335 2264 47.
347 2231 448 2263 ἔνιαδ’
459 2231 515 2262 οὐκ
527 2231 613 2262 ἔστιν
623 2230 718 2268 ἄναγ-

74 2279 238 2318 κασθῆναι,
266 2275 364 2316 φησὶν
388 2272 624 2329 Ἀριστοτελης,
657 2273 718 2304 οὐδ’

75 2321 114 2361 εἰ,
121 2320 159 2352 τὸ
168 2319 354 2360 λεγόμενον,
363 2315 718 2356 Ταντάλουλίθονέπηρ-

73 2363 208 2402 τημένον
230 2374 278 2394 τις
304 2361 385 2402 ἔχοι·
413 2361 489 2392 ἀλλ’
515 2359 721 2399 ὑπομενετέον

74 2407 201 2438 πάντα“
188 2405 317 2445 ετοίμως
328 2406 372 2444 τῷ
386 2406 461 2445 δρᾷν
472 2405 573 2434 κακῶς
586 2402 645 2443 πρὸ
660 2403 716 2433 τοῦ

74 2451 181 2482 παθεῖν
197 2451 297 2481 κακῶς
309 2446 539 2497 εὐλαβουμένῳ.
563 2445 718 2476 Libanius

72 2500 96 2524 t.
107 2494 142 2524 ii.
155 2504 186 2534 p.
196 2496 269 2524 435.
282 2490 323 2521 Α.
339 2492 382 2532 (t.
394 2491 440 2521 iii.
433 2501 480 2530 .p.
496 2492 571 2520 210.
588 2488 718 2528 Reisk.)

73 2535 213 2568 ἀλλ’ὅτι
233 2533 414 2566 Ταντάλους
434 2532 573 2564 ἅπαντας
591 2531 718 2569 ἐποίησε

73 2579 146 2611 τους
162 2579 221 2610 ὑπὸ
234 2578 280 2618 τῷ
293 2577 390 2617 λίθῳ;
407 2576 494 2607 λίθος
509 2575 571 2615 ’γαρ
587 2577 603 2607 5
619 2574 720 2615 φόβος

75 2622 203 2662 εἰρήσθω
217 2633 279 2661 μοι.
326 2621 429 2661 Epist.
443 2622 518 2650 603.
537 2618 642 2657 κύκλῳ
661 2621 719 2655 βα-

75 2664 177 2706 δίζεις,
205 2663 413 2705 ἐπικρεμάσας
437 2662 510 2701 ἡμῖν
530 2661 587 2693 τὸν
599 2660 720 2694 Ταντά-

1362 432 1413 468 10

768 552 828 578 λου
849 546 974 588 πέτρον.
998 550 1073 580 725.
1101 548 1196 579 τοῦτο
1225 547 1262 580 δέ
1285 548 1373 580 ἐστιν
1404 549 1422 580 5

766 589 927 622 Τάνταλος
942 591 1084 622 δεδοικὼς
1098 591 1156 622 τὸν
1167 591 1268 622 λίθον.
1310 592 1421 623 Incer-

767 637 820 663 tus
835 638 945 664 auctor
959 634 1045 674 apud
1061 635 1149 665 Suid.
1171 645 1202 664 v.
1223 634 1342 673 ἐπειδὴ,
1365 637 1420 676 qui

768 676 942 707 Pindarum
950 677 1094 708 imitatus
1102 688 1173 708 esse
1184 678 1321 714 videtur,
1338 679 1421 710 ἐπει-

764 720 802 758 δὴ
823 719 879 751 τὸν
898 720 1066 752 ’Ταντάλου
1088 720 1179 752 λίθον
1199 722 1257 758 τῆς
1277 722 1421 761 κεφαλῆς

764 762 1023 803 ἂπετιναξιίμεθα.
1068 764 1239 794 Lucretius
1269 764 1316 795 iii.
1345 767 1422 796 993.

765 807 787 823 “
801 806 871 837 Nec
891 807 988 837 miser
1007 807 1198 848 impendens
1218 816 1369 848 magnum
1381 808 1420 838 ti-

765 855 832 880 met
853 849 927 881 ae're
954 860 1066 880 saxum
1085 850 1252 886 Tantalus,
1279 856 1315 881 ut
1335 851 1419 881 fama

767 897 827 929 est,
851 903 942 924 cassa
960 893 1130 924 formidine
1155 893 1319 934 torpens-’⁹
1364 893 1418 925 Ci-

767 946 840 966 cero
865 936 905 966 de
927 936 999 967 Fin.
1020 937 1043 966 i.
1057 939 1108 967 18.
1130 941 1150 954 “
1166 937 1301 967 Accedit
1322 937 1419 967 etiam

766 989 862 1015 mors,
893 989 975 1020 quae,
1011 980 1102 1020 quasi
1133 989 1243 1010 saxum
1272 980 1419 1016 Tantalo,

767 1032 894 1063 semper
908 1022 1106 1064 impendet.''
1148 1023 1245 1053 Tusc.
1260 1022 1356 1064 Disp.
1378 1024 1420 1054 iv.

768 1067 820 1096 16.
849 1071 869 1083 “
887 1066 992 1102 Quam
1019 1066 1083 1096 vim
1109 1066 1184 1096 mali
1201 1066 1420 1107 significantes

767 1108 883 1149 poeta),
908 1109 1093 1150 impendere
1109 1109 1193 1149 apud
1210 1109 1331 1139 inferos
1347 1119 1418 1140 sax-

769 1161 822 1181 um
844 1152 978 1182 Tantalo
994 1151 1150 1183 faciunt.”
1195 1152 1286 1182 Idem
1312 1158 1417 1184 tamen

768 1204 805 1224 ex
820 1195 918 1235 poe'ta
932 1196 965 1225 in
982 1195 1125 1237 ejusdem
1140 1195 1246 1235 operis
1256 1196 1278 1225 i.
1294 1199 1325 1226 5.
1341 1196 1418 1226 cita—

766 1243 864 1274 verat,
890 1243 912 1257 “
926 1239 1041 1269 Mento
1066 1248 1221 1268 summam
1236 1248 1350 1278 aquam
1372 1244 1419 1269 at-

766 1281 894 1322 tingens
909 1287 1042 1312 enectus
1055 1281 1209 1312 Tantalus
1225 1280 1312 1312 siti.’'
1350 1281 1382 1311 N
1385 1292 1419 1312 e-

767 1324 844 1360 scio,
859 1325 1011 1355 benevole
1023 1326 1134 1360 lector,
1147 1334 1186 1354 an
1196 1329 1284 1355 tuam
1293 1325 1417 1365 patien-

765 1367 843 1397 tiam
875 1368 932 1397 hac
969 1373 1045 1398 nota
1081 1367 1217 1408 legenda
1252 1368 1417 1408 fatigaris;

765 1419 869 1440 meam
884 1416 970 1441 certe
987 1411 1153 1441 scribenda
1173 1411 1315 1451 fatigavi.
1359 1412 1415 1441 Sin

765 1453 885 1483 criticis
902 1454 989 1484 hisce
1005 1454 1131 1484 deliciis
1153 1454 1295 1484 nondum
1312 1455 1415 1484 'satia-

766 1500 817 1525 tus
833 1506 879 1532 es,
897 1497 1025 1537 perlege
1042 1507 1113 1537 quae
1126 1496 1275 1526 Guellius
1291 1502 1323 1527 et
1336 1497 1414 1528 Cer-

768 1538 870 1569 danus
884 1540 924 1570 ad
940 1540 1056 1581 virgil.
1068 1538 1152 1569 Aen.
1169 1540 1209 1569 vi.
1222 1543 1297 1571 602.
1320 1540 1413 1570 Lam-

767 1581 862 1613 binus
889 1583 929 1613 ad
958 1583 1071 1613 Horat.
1100 1582 1166 1612 Sat.
1197 1582 1219 1612 i.
1248 1586 1277 1614 1.
1301 1586 1355 1614 68.
1383 1590 1415 1613 et

768 1625 923 1656 Davisius
952 1626 992 1656 ad
1034 1625 1243 1667 posteriorem
1285 1625 1415 1657 Cicero-

768 1667 818 1698 nis
857 1670 963 1700 locum
1003 1670 1212 1709 collegerunt.
1270 1668 1413 1699 Tandem

768 1711 866 1752 igitur
894 1712 1018 1749 desino,
1051 1723 1092 1742 ne
1119 1717 1213 1752 putes
1247 1722 1297 1741 me
1328 1712 1413 1743 idem

769 1760 882 1795 sponte
897 1756 1014 1792 facere,
1030 1755 1116 1796 quod
1130 1755 1205 1785 facit
1220 1755 1341 1785 invitus
1363 1756 1412 1786 Si-

770 1799 903 1839 syphus,
934 1799 990 1839 qui
1019 1804 1040 1816 “
1058 1802 1161 1828 versat
1197 1798 1321 1827 Saxum
1361 1809 1414 1829 su—

769 1841 848 1871 dans
862 1842 1006 1878 nitendo,
1021 1852 1125 1881 neque
1140 1841 1411 1881 proficithilum.'’

767 1884 932 1924 [Profecto
947 1884 1132 1915 doctissima
1146 1884 1319 1919 annotatio,
1336 1894 1414 1924 qua-

765 1928 812 1958 les
828 1928 1062 1959 Hemsterhusii
1082 1932 1116 1958 et
1131 1927 1337 1958 Valckenarii
1359 1927 1416 1958 de·

764 1970 890 2001 derunt.
913 1971 986 2007 Sed,
998 1971 1061 2001 nisi
1072 1971 1207 2000 multum
1217 1970 1320 2006 fallor,
1335 1970 1414 2001 Por-

764 2024 861 2044 sonus
883 2015 950 2044 haec
972 2014 1099 2055 scripsit
1113 2024 1177 2043 non
1193 2014 1253 2043 hoc
1267 2014 1414 2051 consilio,

763 2062 799 2087 ut
812 2058 996 2088 ostenderet
1011 2067 1044 2087 se
1066 2057 1154 2098 paria
1176 2057 1280 2087 facere
1304 2067 1412 2097 posse,

762 2101 852 2140 (quis
877 2101 963 2131 enim
987 2101 1046 2131 hoc
1072 2099 1270 2138 dubit-avim)
1293 2100 1348 2130 sed
1377 2105 1414 2130 ut

763 2148 861 2173 totam
875 2144 965 2173 illam
979 2144 1088 2184 copias
1110 2143 1262 2172 doctrinae
1284 2153 1301 2172 e
1319 2153 1411 2173 sacco

763 2187 1031 2217 collectaneorum
1047 2185 1231 2216 effundendi
1252 2186 1409 2216 rationem

762 2229 869 2270 lepide
885 2230 1104 2259 subsannaret.
1129 2229 1171 2260 G.
1189 2228 1237 2259 H.
1250 2227 1302 2268 S.]

805 2276 837 2304 6.
859 2273 1005 2312 κορυφῆς.
1021 2272 1163 2312 κεφαλῆς
1186 2271 1272 2301 Dion
1293 2271 1410 2312 Chrys.

763 2325 802 2345 ex
819 2316 934 2356 glossa.

807 2362 838 2389 8.
861 2358 954 2388 Istud
977 2357 1045 2397 μὲν,
1072 2358 1124 2389 cui
1147 2367 1211 2387 non
1238 2357 1409 2397 respondet

761 2399 804 2437 δὲ,
820 2401 926 2431 innuit
941 2401 1100 2432 Electram
1113 2411 1225 2441 parum
1245 2400 1407 2430 credulam

761 2454 843 2475 esse.
868 2443 978 2484 [Conf.
988 2444 1195 2485 Hoogeveen.
1207 2443 1318 2473 Doctr.
1329 2442 1407 2473 Par-

762 2488 816 2518 tic.
832 2487 869 2517 L.
885 2487 943 2517 Gr.
957 2498 989 2528 p.
1004 2490 1079 2518 663.
1105 2487 1148 2517 G.
1164 2486 1211 2517 H.
1228 2485 1282 2526 S.]

806 2533 836 2561 9.
860 2530 956 2560 Hunc
969 2540 1097 2560 versum
1109 2533 1142 2560 et
1156 2529 1314 2560 Phoeniss.
1334 2531 1411 2560 762.

766 2574 875 2614 [778.]
899 2573 977 2604 citat
990 2573 1202 2614 Etymologus
1216 2583 1248 2613 p.
1260 2574 1337 2602 477.
1354 2574 1408 2603 14.

763 2619 936 2647 observans
949 2616 1087 2656 priorem
1100 2616 1134 2646 in
1148 2616 1217 2647 ’ἶσος
1231 2614 1317 2655 apud
1331 2614 1409 2645 Tra-

765 2661 853 2702 gicos
879 2664 912 2691 et
943 2659 1094 2691 Comicos
1125 2669 1251 2699 semper
1267 2657 1407 2698 corripi;
