1606 2803
319 63 731 97 SUPPLEMENTUM
769 64 835 94 AD
871 62 1258 93 PRAEFATIONEM.
1330 64 1460 93 XXXV

128 169 270 211 Recte
292 168 538 210 Brunckius
556 185 603 223 γε
635 167 862 209 addidisse
882 167 1069 215 videtur,
1098 165 1228 217 cujus
1251 178 1357 206 usus
1380 179 1458 206 ex-

125 227 272 280 empla
307 227 480 280 aliquot
510 226 641 267 modo
672 225 812 266 attuli.
888 224 975 265 Sed
1008 221 1294 274 ἀναπειθώμεθα,
1335 223 1457 276 quod

128 284 202 323 illc
223 285 419 336 corrigit,
442 283 666 336 dactylum
700 281 907 335 relinquit
933 283 978 321 in
1007 285 1163 333 quarta
1186 280 1305 328 sede,
1328 293 1458 333 quem

127 345 275 381 tamen
294 341 502 381 facillime
522 340 670 389 tolles,
693 338 948 392 reponendo
971 337 1259 386 ἀναπεισθῶμεν,
1282 336 1332 376 τά
1347 354 1394 391 γε
1414 353 1456 377 π.

129 397 218 438 Sed
241 398 318 438 alii
339 397 469 451 hujus
492 398 661 449 generis
690 409 843 436 versus
865 399 981 440 sunt,
1014 395 1089 448 qui
1113 395 1157 434 in
1180 395 1293 434 hanc
1314 395 1459 447 legem

127 460 332 507 peccant.
394 455 463 495 De
485 455 540 494 iis
562 467 676 507 qnos
698 453 877 506 quidem
896 453 1184 499 observarim,
1207 464 1312 492 mox
1336 452 1459 492 vide-

130 513 203 552 bo.
264 511 446 552 Interim
469 511 524 551 de
548 524 721 552 caesura
743 510 987 562 loquamur.
1048 508 1163 549 Ach.
1185 508 1286 549 645.

233 566 371 616 ”Οστις
387 567 703 621 παρεκινδύνευσεν
721 565 935 618 ἈθηΙναῖοις
957 567 1063 605 εἰπεῖν
1080 568 1129 605 τοὶ
1151 564 1291 604 δίκαια.

130 625 277 666 Etiam
322 626 367 666 in
415 625 499 666 hoc
547 638 675 665 versu
727 623 1041 665 constituendo
1089 623 1247 664 leviter
1295 623 1458 664 erravit

132 682 399 723 Brunckius.
461 682 649 734 Corrigit
671 682 784 722 enim
803 695 812 722 :

235 738 372 786 ’Ὅστις
391 738 687 793 παρεκινδύνευσε
709 736 831 792 λέγειν
854 738 887 775 ἐν
904 735 1114 785 Ἀθηναίοις.

133 796 258 838 Nihil
284 810 397 850 opus
419 799 526 836 εἰπεῖν
547 800 728 845 mutare,
754 795 833 835 sed
856 796 900 835 iu
922 795 1067 834 locum
1086 806 1215 834 suum
1236 805 1458 846 reponere,

132 860 175 896 et
194 854 358 906 legere,
903 888 907 890 .

234 909 374 958 (Ὅστις
387 909 428 964 γ’
444 912 551 950 εἰπεῖν
570 907 861 965 παρεκινδύνευσ’
884 909 917 947 ἐν
933 906 1130 956 Ἀθηναίοις
1150 909 1199 947 τοὶ
1215 906 1356 947 δίκαια.

131 967 271 1009 Attici
288 973 394 1022 post
412 966 448 1015 ὃς
470 973 512 1008 et
529 965 628 1013 ὅστις
650 967 907 1019 particulam
925 978 1022 1005 eam
1038 965 1301 1018 emphaseos
1316 963 1460 1016 gratia
1516 957 1522 964 ⁸

132 1025 293 1066 addere
316 1025 474 1074 solent,
496 1023 660 1074 [xlviii]
682 1025 752 1064 cui
774 1022 1101 1076 quodammodo
1117 1021 1357 1074 respondet
1378 1019 1463 1060 La-

132 1082 316 1122 tinorum
334 1085 345 1102 ‘
369 1081 524 1135 quine.'
556 1081 672 1122 Ran.
693 1081 793 1121 751.
815 1083 890 1125 πῶς
901 1080 980 1134 ’γὰρ
1000 1077 1086 1133 οὐχὶ
1108 1076 1298 1132 γεννάδας,
1323 1076 1462 1123 ’Ὅστις

131 1156 177 1193 γε
197 1138 306 1179 πίνειν
324 1138 415 1188 οἶδε;
446 1138 546 1178 Vide
569 1143 614 1179 et
635 1138 760 1177 1215.
800 1137 977 1177 Thesm.
1012 1137 1111 1176 895.
1126 1133 1271 1181 ‘'On-rig
1303 1150 1350 1188 γε
1370 1143 1461 1173 τολ-

132 1202 206 1251 μᾷς
226 1199 388 1249 σῆμα-
407 1195 566 1235 Paullo
602 1199 748 1234 tamen
771 1198 903 1234 antea
933 1205 1085 1233 omnes
1116 1192 1207 1233 fere
1246 1191 1461 1232 editiones

135 1254 306 1300 habent,
338 1250 477 1299 ’Ὅστις
517 1249 753 1299 ἀκούσας·-·,
793 1250 870 1290 ubi
912 1251 1047 1289 tacite
1073 1247 1211 1295 ‘'Ocrrng
1245 1248 1287 1303 γ’
1323 1248 1462 1289 edidit

137 1310 399 1352 Brunckius.
447 1309 613 1349 Eadem
636 1307 811 1361 phrasis
833 1306 989 1359 paullo
1022 1308 1264 1359 corruptior
1286 1305 1392 1346 latet
1419 1306 1463 1345 in

135 1367 287 1407 eadem
322 1367 473 1407 fabula
493 1366 592 1406 713.
625 1367 735 1404 Ascua.
756 1363 826 1410 δῆθ’
857 1362 957 1409 ὅστις
978 1363 1018 1415 γ’
1051 1361 1128 1416 ἔχει
1149 1379 1220 1414 μου
1251 1360 1463 1415 ’ξαρποῖσας

133 1425 173 1464 τὸ
189 1425 342 1464 παιδίον.
373 1423 522 1475 Vulgo
544 1420 596 1460 ὅτι
622 1422 679 1475 γ’,
716 1422 801 1461 Ms.
836 1420 948 1460 Rav.
983 1419 1116 1473 ὁτιῆγ’.
1177 1420 1463 1460 Pherecrates

134 1482 251 1534 apud
275 1481 422 1522 Schol.
454 1479 512 1520 ad
535 1479 644 1519 Pac.
678 1478 777 1519 748.
800 1474 937 1523 ’Ὅστις
957 1478 1080 1523 αὐτοῖς
1114 1474 1300 1530 παρέδωκε
1329 1474 1464 1529 τέχνην

133 1536 308 1592 μεγάλην
329 1535 622 1587 ἐξοικοδομήσας.
660 1535 776 1587 Lege
805 1531 943 1580 ’Ὅστις
963 1533 1003 1586 γ’
1017 1538 1060 1574 et
1071 1532 1281 1589 παρέδωκα.
1313 1532 1464 1574 Verba

135 1600 238 1636 sunt
270 1594 473 1647 AEschyli
493 1594 546 1633 de
563 1606 610 1632 se
639 1592 865 1644 loquentis
892 1591 1051 1631 eodem
1077 1591 1164 1630 fere
1185 1590 1335 1638 modo,
1369 1603 1460 1643 quo

133 1652 326 1704 loquitur
354 1650 473 1703 apud
497 1649 841 1701 Aristophanem
865 1647 982 1687 Rau.
1002 1647 1129 1688 1045.
1152 1651 1194 1687 et
1215 1660 1308 1700 seq.

196 1709 415 1749 Praeterea
458 1705 782 1747 observandum
818 1709 900 1752 ost,
937 1716 1153 1744 caesuram
1188 1704 1343 1743 eadem
1361 1702 1461 1754 lege

138 1766 293 1815 teneri,
315 1758 449 1818 quam
472 1764 526 1803 de
562 1762 730 1814 tragico
753 1761 975 1801 trochaico
997 1761 1092 1800 dixi
1112 1773 1122 1810 3
1145 1765 1193 1800 ut
1214 1760 1459 1800 scilicetne

139 1821 213 1862 fiat
232 1822 276 1861 in
298 1821 613 1875 praepositione
635 1819 704 1859 vel
738 1817 942 1858 articulo.
1005 1816 1153 1870 Atque
1185 1817 1281 1858 haec
1312 1815 1461 1868 regula

140 1890 229 1918 non
249 1892 386 1931 saepe,
407 1890 462 1917 ne
483 1890 509 1917 a
530 1875 726 1916 librariis
749 1874 941 1926 quidem,
959 1873 1162 1914 violatur.

254 1935 374 1976 Nub.
395 1934 495 1975 371.
527 1934 583 1981 Νὴ
605 1933 665 1971 τὸν
687 1929 875 1978 Ἀπόλλω,
890 1928 1001 1969 τοῦτο’
1012 1947 1059 1984 γε
1074 1946 1130 1968 τοι
1150 1931 1206 1982 τῷ
1232 1927 1239 1982 Ι
1266 1927 1337 1968 νυνὶ
1356 1928 1460 1982 λόγῳ

598 1988 635 2027 εὖ
656 1985 905 2043 προσέφυσας.

255 2048 374 2089 Ran-
414 2046 541 2088 1058.
583 2043 683 2084 Εἶτα
720 2044 867 2092 διδάξας
901 2042 984 2090 τοὺς
1020 2042 1170 2098 Πέρσας
1205 2044 1303 2094 μετὰ
1330 2039 1336 2095 Ι
1362 2040 1462 2080 τοῦτ’

626 2100 803 2152 ἐπιθυμεῖν
824 2099 985 2148 ἐδίδαξα.

255 2160 366 2202 Ach.
397 2160 498 2201 636.
530 2157 710 2213 Πρότερον
742 2157 769 2195 δ’
803 2158 898 2208 ὑμᾶς
920 2159 951 2195 οἱ
981 2154 1153 2211 πρέσβεις
1180 2155 1251 2194 ἀπὸ
1277 2152 1285 2210 l
1310 2152 1463 2194 τῶνπό-

310 2254 316 2257 ,
594 2223 685 2253 λεων
706 2214 972 2262 ἐξαπατῶντες.

146 2273 315 2315 Horum
336 2272 642 2325 exemplorum
676 2272 861 2324 primum
896 2270 1024 2321 longe
1060 2266 1334 2308 numerosius
1354 2266 1462 2310 fore,

143 2332 182 2370 si
202 2330 438 2371 secundam
461 2340 614 2369 versus
636 2331 804 2379 partem
826 2327 887 2365 ita
907 2326 1118 2377 legemus,
1150 2327 1202 2378 τῷ
1220 2326 1277 2363 νῦν
1297 2321 1401 2376 λόγῳ
1424 2320 1461 2361 εὖ

142 2386 396 2439 προσέφυσας,
429 2398 555 2425 nemo
586 2383 868 2424 inficiabitur.
932 2384 994 2436 Τῷ
1014 2384 1071 2420 νῦν
1092 2378 1196 2434 λόγῳ
1216 2380 1348 2419 habet
1365 2379 1465 2419 Sui-

141 2443 238 2493 das,
259 2444 350 2493 sed,
382 2443 420 2482 si
441 2442 559 2482 hunc
592 2441 739 2481 locum
759 2439 970 2492 respexit,
1006 2437 1121 2477 male
1154 2438 1464 2489 interpretatur
