1566 2789
151 37 223 108 4ss

259 190 268 203 2
345 191 354 205 9
396 189 408 205 Ι
553 192 563 206 3
645 187 658 202 2
697 192 706 207 5
758 193 781 204 Ν
906 190 918 207 Ι

226 213 306 241 ουκ
335 192 519 251 ηξιωσεν,
541 202 644 241 αλλ
684 204 833 256 αφηκε
861 213 1041 243 ποντιον.

574 57 1060 108 ΕΥΡΙΠΙΔΟΥ

1409 205 1493 246 785

227 267 353 334 ἡμεῖς
379 262 461 333 μὲν
487 261 558 316 οὖν
586 263 741 316 δοῦλοί
765 287 826 327 τε,
851 268 1075 325 κοῖα-θενεῖς
1103 265 1220 324 ἴσως·

147 409 220 433 των,
238 398 289 429 καὶ
304 399 406 437 φιλῶν
415 395 473 427 τὰς
483 394 800 435 ἰσχάδας-,Ἔβλεπεν

148 442 224 482 πρὸς
237 440 310 472 τοὺς
325 438 492 479 λέγοντας.
522 442 597 471 685.
620 439 760 481 Ἀπορῶν
781 441 798 471 ὁ

146 486 241 523 δῆμος
256 482 432 525 ἐπιτρόπου,
448 482 500 514 καὶ
513 482 632 522 ’γυμνὸς
654 482 707 519 ὢν,
721 484 797 514 Τοῦ-

145 540 201 559 τον
238 527 316 559 τέως
352 526 407 557 τὸν
444 525 538 566 ἄνδρα
575 525 797 567 περιεζώσατο.

147 571 325 602 Menander
349 570 466 600 Stobaei
490 570 550 600 lxx.
575 580 607 609 p.
630 572 706 601 299.
738 570 799 611 (sic

146 615 227 645 male
242 615 294 645 ed.
312 614 403 644 Grot.
417 623 470 654 pro
481 611 689 653 291.)“Ὀταν
702 612 797 652 πένης

147 658 199 694 ὢν,
217 657 268 689 καὶ
290 658 403 696 γαμεῖν
417 668 465 687 τις
481 655 642 695 ἑλόμενος,
657 656 703 687 Τὰ
715 657 797 696 μετὰ

144 700 291 740 γυναικὸς
306 699 490 740 ἐπιδέχηται
513 699 672 740 χρήματα,
695 700 797 732 Αὑτὸν

146 745 279 781 δίδωσιν,
296 756 351 775 ουκ
367 743 486 781 ἐκείνην
498 742 667 782 λαμβάνει.
705 744 794 774 Ε1111-

145 787 213 829 pid.
229 789 380 818 Androm.
400 790 475 818 499.
518 787 644 828 Μητρὸς
659 786 793 827 λεχέων,

144 833 178 863 ὃς
194 830 424 871 ὑπερθνήσκεις,
438 828 537 861 Οὐδὲν
547 829 702 869 μετέχων,
719 831 793 862 Οὐδ’

143 876 240 906 αιτιος
255 874 297 905 ὢν
310 873 509 910 βασιλεῦσιν.
557 874 602 904 Ex
618 875 725 903 horum
748 874 793 905 lo-

142 929 249 949 (0111111
264 928 453 959 quocunque
467 917 663 965 participium
678 917 720 948 ὢν
735 917 793 958 eji-

142 963 219 998 cies,
235 961 429 991 durissimam
444 965 540 995 certe
565 962 591 990 si
613 971 675 991 non
701 961 791 990 soloe-

141 1015 222 1042 cani,
238 1005 408 1035 mationem
434 1004 585 1034 effeceris.
626 1003 791 1053 [Eandem

141 1049 173 1078 in
200 1049 348 1079 struenda
376 1047 515 1077 oratione
545 1047 791 1077 concinnitatem

141 1092 290 1126 studiose,
306 1092 338 1121 ni
349 1090 450 1126 fallor,
460 1095 618 1121 sectantur
626 1091 791 1131 scriptores

141 1135 341 1175 posterioreS,
357 1140 442 1165 certe
462 1135 571 1164 horum
594 1133 623 1164 οἱ
646 1132 790 1174 ἀκριβέσ-

140 1190 235 1217 τεροι.
264 1178 423 1208 Diodorus
438 1178 502 1208 Sic.
519 1188 569 1207 xx.
584 1186 611 1207 c.
627 1179 681 1208 42.
697 1176 791 1217 προή-

140 1232 224 1260 γαγε
252 1221 312 1258 τὴν
339 1220 502 1261 στρατιὰν,
525 1222 571 1259 τῷ
593 1218 650 1259 μὲν
677 1219 792 1260 ἀριθμῷ

142 1264 246 1305 Βραχὺ
272 1263 460 1303 λειπομένην
483 1265 545 1293 τῶν
567 1263 723 1299 ἐναντίων,
746 1266 791 1306 τῇ

140 1309 165 1338 δ’
192 1308 288 1349 ἇρετῆ
310 1307 393 1339 πολὺ
412 1306 661 1346 καταδεεστέραν
681 1305 790 1339 οὖσαν.

140 1352 193 1381 11111
223 1348 646 1391 Wesselingius:‘01’e‹rav
675 1351 791 1381 omittit

139 1393 259 1425 Basil.”
274 1393 405 1424 fortasse
419 1398 504 1424 recte
528 1394 665 1423 addens:
702 1397 789 1424 “ne-

139 1448 200 1478 que
216 1437 389 1469 necessaria
405 1447 464 1466 vox
481 1435 563 1467 est.’'
591 1436 674 1466 Nam
689 1447 789 1477 quan-

139 1481 254 1511 tumvis
282 1479 387 1511 Graeci
410 1481 490 1510 hanc
514 1485 695 1510 structuram
719 1491 789 1520 pro-

139 1525 225 1560 bent,
248 1534 311 1554 non
334 1530 440 1553 tamen
455 1528 634 1553 aversantur
647 1523 788 1560 alteram,

138 1577 230 1607 quam
257 1567 416 1598 Porsonus
444 1576 552 1607 parum
582 1566 682 1596 abfuit
712 1567 788 1607 quin

138 1611 284 1641 soltrcam
320 1610 449 1641 diceret.
505 1609 581 1650 Ipse
620 1609 787 1650 Euripides

139 1656 242 1684 Orest.
254 1656 331 1684 451.
345 1663 390 1694 sq.
407 1653 444 1683 ‘O
458 1651 657 1692 Σπαρτιάτης
669 1652 786 1684 Τυνδά-

138 1709 211 1735 ρεως
220 1695 459 1736 μελάμπεπλος,
470 1696 575 1737 Κουρᾷ
587 1707 623 1726 τε
635 1695 787 1736 θυγατρὸς

137 1741 271 1779 πενθίμῳ
286 1738 483 1780 κεκαρμένος.
501 1742 596 1770 1590.
612 1750 657 1780 sq.
674 1738 786 1778 Δάμων

139 1784 163 1813 δ’
181 1784 226 1814 ἐπ’
243 1783 344 1823 ἄκρων
365 1782 479 1814 τούσδε
501 1781 784 1824 πυργηρουμένους,

139 1826 234 1867 Ξίφος
263 1827 288 1858 δ’
316 1828 390 1865 ἐμῆς
419 1825 572 1867 θυγατρὸς
601 1825 785 1866 ἐπίφρουρον

138 1870 221 1912 δέρῃ.
245 1870 337 1900 Med.
365 1873 441 1901 735.
455 1868 569 1908 Λόγοις
592 1867 625 1899 δὲ
648 1869 783 1907 συμβὰς,

137 1913 188 1944 καὶ
213 1915 290 1944 θεῶν
314 1912 481 1952 ἀνώμοτος.
503 1912 658 1942 Homerus
678 1912 719 1943 Il.
744 1917 783 1943 Χ.

138 1956 327 1997 342.5(1.ἢ
343 1954 471 1993 νήεσσιν
488 1954 687 1987 ἐπίσκοποςξ
673 1967 785 1994 ημετε-

137 2011 235 2042 ρῃσιν,
257 2000 299 2030 >’1-1
327 2010 398 2029 τινα
427 1997 642 2035 συλησων-.
666 1999 785 2040 (Paulo

135 2049 208 2074 ante
225 2046 300 2074 331.
328 2042 420 2073 scrib.
450 2042 536 2073 ἀλλὰ
565 2053 603 2072 σε
627 2048 760 2082 φημι-

136 2096 207 2116 nain
224 2086 262 2117 σὲ
278 2091 311 2116 et
325 2085 454 2116 ἄλλος’
441 2085 517 2125 ανηρ
532 2085 614 2115 inter
629 2095 662 2114 se
686 2095 785 2125 oppo-

136 2128 278 2171 1111111111.)
306 2128 488 2158 Herodotus
515 2128 536 2159 i.
563 2131 617 2158 60.
649 2127 787 2167 μέγαθος

135 2172 196 2203 ἀπὸ
223 2171 383 2211 τεσσέρων
410 2170 541 2211 πηχέων
569 2170 787 2202 ἀπολείπουσα

135 2217 218 2254 τρεῖς
234 2215 419 2250 δακτύλους,
449 2213 499 2246 καὶ
523 2213 630 2245 ἄλλως
654 2213 782 2252 εὐειδής.

135 2258 218 2289 lbid.
229 2262 282 2290 65.
296 2256 568 2297 ἆδελφιδέουμὲν“
555 2258 683 2299 εωυτοῦ,
692 2260 783 2293 βασι-

135 2302 283 2334 λεύοντος
298 2302 331 2333 δὲ
355 2299 584 2342 Σπαρτιητέων.
610 2300 783 2342 Dionysius

135 2345 209 2374 flat.
224 2345 267 2375 A.
286 2345 329 2375 R..
346 2345 387 2375 iv.
403 2348 457 2375 73.
472 2342 600 2383 μεγάλη
617 2343 667 2374 καὶ
683 2343 781 2374 εὐδαί-

134 2400 200 2426 μων
216 2387 266 2419 καὶ
289 2389 419 2419 πολλῶν
442 2387 585 2428 ἄρχουσα
608 2386 781 2426 ἀνθρώπων.

139 2432 181 2461 G.
197 2431 243 2462 Η.
257 2432 310 2472 S.]
353 2431 477 2461 Erravit
493 2441 564 2471 ergo
583 2429 782 2460 Valckenae-

133 2474 196 2504 rius
211 2473 252 2505 ad
267 2475 420 2505 Herodot.
436 2474 456 2505 i.
473 2476 525 2504 59.
543 2472 583 2504 ὣς
609 2483 664 2513 pro
685 2472 728 2503 ὣν
749 2472 782 2502 111

136 2517 311 2557 Vesparum
341 2518 412 2547 loco
441 2517 560 2557 legem.
605 2516 669 2546 Sed
698 2520 782 2546 recte

135 2559 177 2590 ὢν
192 2561 304 2591 retinet
318 2560 428 2590 Suidas
444 2571 494 2592 vv.
522 2558 558 2590 Εἰ
573 2559 624 2589 καὶ
639 2559 692 2590 νῦν
708 2558 781 2597 ἐγώ.

135 2603 328 2642 Ξυνωμότης.
356 2608 441 2634 recte
479 2602 643 2643 utrobique
672 2612 781 2642 τυραν-

135 2646 203 2679 νικὰ
219 2647 312 2677 habet
333 2656 388 2688 pro
411 2645 584 2687 τυραννίδα.
629 2645 715 2682 Quid
736 2650 782 2674 ta-

844 407 916 427 men
947 398 971 428 si
1003 397 1203 433 contendam,
1241 397 1356 429 librarii
1393 407 1495 430 errore

843 442 951 479 πρῶτα
965 451 1021 481 pro
1037 443 1158 480 πρῶτος
1170 441 1323 482 scriptum
1333 441 1381 472 his
1395 442 1497 473 turbis

843 484 1037 515 occasionem
1051 484 1197 515 dedisse?
1222 484 1317 515 Certe
1328 485 1413 525 nihil,
1420 496 1494 526 pro-

843 526 965 562 clivius,
981 538 1073 568 quam
1095 540 1115 558 α
1129 537 1184 568 pro
1205 539 1238 559 ος
1259 527 1363 560 scribi.
1409 527 1491 559 Cum

843 570 927 600 enim
947 570 1045 611 sigma
1070 571 1130 601 hoc
1157 571 1222 600 fere
1249 570 1339 611 signo
1355 580 1373 601 c
1390 572 1494 612 expri-

842 618 954 654 matur,
972 614 1171 644 manifestum
1187 619 1245 649 est,
1261 615 1287 644 si
1303 618 1369 648 Q·et
1385 624 1404 644 c
1419 624 1494 647 coa-

841 655 967 692 luerint,
983 657 1112 696 figuram
1128 658 1175 696 τῷ
1189 669 1209 688 α
1229 667 1293 687 11011
1309 656 1493 689 dissimilem

842 700 977 730 effictum
1004 701 1053 730 iri.
1098 701 1137 730 In
1160 700 1288 731 Homer.
1312 700 1427 741 odyss.
1455 706 1493 732 Λ.

842 745 917 774 157.
939 745 1058 784 πρῶτα.
1081 743 1139 774 τὸν
1152 743 1186 774 111
1212 748 1299 773 textu
1314 743 1409 774 habet
1424 743 1490 775 Ms.

840 785 930 816 Harl.
961 790 1057 818 5674.
1087 792 1119 817 et
1155 796 1210 827 pro
1240 786 1326 816 varia
1354 786 1491 818 lectione

839 831 960 869 πρῶτος
975 830 1012 860 ὒν
1031 829 1127 860 habet
1150 829 1406 870 suprascriptum.
1450 829 1491 861 Iu

839 873 897 903 hac
927 873 1033 904 fabula
1061 883 1155 913 supra
1184 876 1258 904 540.
1299 872 1355 903 tali
1394 872 1489 904 modo

839 915 973 955 στρατὸς
989 917 1132 946 exaravit
1157 916 1206 947 M.
1232 920 1269 945 ut
1295 916 1392 956 prima
1407 916 1489 947 facie

837 960 937 989 cuivis
947 959 1067 999 στρατὲι
1080 959 1232 989 videatur.
1248 959 1287 989 In
1298 958 1434 989 Scholiis
1448 960 1489 990 ad

838 1002 1001 1044 Aristopli.
1026 1003 1112 1034 Nub.
1140 1006 1215 1033 508.
1240 1003 1357 1032 habent
1384 1001 1489 1033 Aldus

837 1050 869 1075 et
880 1045 978 1076 Junta
1001 1047 1033 1085 ἐξ
1057 1045 1222 1086 ὑποῤῥῶγά
1239 1057 1334 1081 τινος,
1357 1046 1440 1086 quod
1454 1046 1487 1076 in

838 1088 1016 1130 ὑποῤῥῶγός
1049 1089 1179 1119 mutavit
1216 1089 1380 1120 Gelenius.
1411 1088 1486 1120 Cle-

836 1142 923 1163 mens
954 1132 1125 1164 Alexandr.
1156 1133 1235 1168 Quis
1269 1133 1356 1162 dives
1386 1132 1488 1162 salve-

836 1180 887 1205 tur
911 1187 941 1217 p.
967 1179 1042 1207 940.
1065 1179 1120 1207 44.
1143 1174 1254 1214 ἀμέλει
1282 1176 1298 1206 ὁ
1327 1173 1487 1206 πάντατὰ

836 1219 892 1249 τοῦ
929 1218 1022 1259 νόμου
1056 1219 1226 1259 πληρώσας
1263 1218 1298 1249 ἐκ
1326 1216 1487 1258 νεότητος,

836 1261 887 1293 καὶ
915 1263 957 1294 τὰ
995 1261 1152 1302 ὑπέρογκα
1186 1261 1410 1302 φρυαξάμενος,
1451 1260 1485 1292 ἓν

835 1306 930 1337 τοῦτο
945 1307 1095 1346 πραθῆναι
1109 1306 1174 1337 τοῖς
1189 1305 1276 1336 ὅλοις
1298 1304 1333 1335 οὐ
1359 1303 1483 1342 δεδύνη-

835 1361 899 1387 ται,
925 1350 963 1380 τὸ
988 1350 1046 1379 τοῦ
1075 1349 1214 1389 σωτῆρος
1240 1347 1410 1388 ἐξαίρετον,
1433 1347 1485 1378 ἵνα

835 1391 922 1433 λάβῃ
952 1391 1032 1432 ζωὴν
1047 1391 1181 1433 αἰώνιον,
1201 1391 1240 1428 ἢν
1255 1390 1370 1422 ἐπόθει.
1396 1391 1484 1427 Quid

835 1442 884 1466 est
913 1437 992 1466 istuc
1021 1436 1196 1475 πραθῆναιὲ
1243 1435 1274 1464 V
1277 1439 1382 1464 ertunt
1409 1438 1483 1464 ‘ac-

835 1479 975 1519 quirere.'
1016 1480 1107 1509 Muta
1137 1483 1163 1509 A
1192 1478 1223 1507 in
1254 1480 1319 1513 ΟΣ,
1350 1482 1384 1507 et
1412 1477 1481 1516 lege

834 1524 1019 1561 προσθεῖναι.
1064 1522 1096 1551 Si
1119 1521 1189 1562 quis
1203 1520 1272 1557 erit,
1290 1520 1343 1561 qui
1366 1521 1481 1560 πραθῆ-

834 1576 882 1596 ναι
910 1577 976 1597 τοις
1003 1564 1088 1595 ὅλοις
1104 1565 1332 1605 interpretetur,
1361 1567 1369 1581 ‘
1385 1573 1482 1604 seque

832 1618 951 1650 suaque
969 1609 1072 1638 onmia
1097 1607 1257 1645 vendere‚'
1283 1612 1405 1636 tantum
1433 1606 1482 1636 di-

831 1661 910 1687 cam,
926 1663 993 1682 eam
1019 1651 1305 1691 interpretationem
1330 1649 1405 1679 mihi
1429 1659 1483 1679 co-

831 1700 935 1725 actam
950 1700 981 1725 et
995 1700 1170 1725 contonam
1184 1693 1295 1725 videri.
1318 1691 1483 1723 Addamus

830 1738 1018 1768 Pausaniam
1035 1738 1098 1767 viii.
1115 1741 1167 1769 25.
1185 1748 1215 1777 p.
1231 1739 1306 1768 651.
1326 1734 1433 1766 καθότι
1448 1734 1482 1767 δὲ

831 1780 925 1813 αὐτὸς
950 1782 967 1812 ὅ
988 1780 1098 1812 Λάδων
1117 1780 1276 1811 ἐκδίδωσιν
1290 1780 1321 1810 ἐς
1335 1778 1392 1809 τὸν
1406 1779 1479 1810 Ἀλ-

830 1824 930 1865 φειὸν,
947 1823 1095 1865 Κοράκων
1109 1822 1284 1862 ὠνόμασται
1300 1823 1417 1853 Nasos.
1441 1822 1481 1853 Οἱ

830 1867 864 1899 δὲ
879 1868 1013 1907 ἥγηνται
1023 1867 1083 1904 τὴν
1097 1866 1246 1904 Ἐνίσπην
1260 1865 1311 1897 καὶ
1324 1864 1480 1905 Στρατίην

830 1923 866 1942 τε
889 1911 941 1942 καὶ
967 1910 1073 1948 Ῥίπην
1096 1909 1153 1941 τὰς
1177 1909 1234 1940 ὑπὸ
1257 1909 1314 1940 τοῦ
1344 1907 1480 1948 Ὁμήρου

829 1954 1075 1994 κατειλεγμένας
1093 1951 1241 1993 γενεσθαι
1263 1951 1375 1989 νήσους
1400 1950 1480 1982 ποτὲ

831 1999 864 2028 ἐν
892 1999 937 2039 τῷ
960 1997 1080 2028 Λάδωνι
1104 1996 1163 2028 ὑπὸ
1190 1995 1354 2050 ἀνθρώπων
1378 1993 1477 2025 οἴκου-

828 2040 934 2080 μένας
950 2055 973 2081 ῳ
1000 2041 1029 2072 οἶ
1043 2038 1287 2071 πεπιστευκότες
1299 2036 1416 2077 μάταια
1429 2038 1480 2068 ἴσ-

829 2096 944 2115 τωσαν.
992 2084 1086 2120 Quod
1122 2083 1260 2124 conjecit
1296 2081 1478 2123 Sylburgius

829 2138 884 2168 pro
900 2125 922 2166 ᾦ
949 2127 978 2157 οἱ
1004 2140 1038 2158 π.
1064 2126 1166 2156 edidit
1189 2125 1302 2155 Pacius
1327 2135 1344 2154 e
1369 2124 1477 2154 codice

830 2171 1031 2211 Mosquensi,
1047 2169 1067 2201 ἃ
1083 2169 1112 2200 οἱ
1125 2182 1158 2200 π.
1196 2169 1354 2199 Neutrum
1371 2171 1454 2197 recte
1468 2178 1477 2204 3

829 2218 995 2253 utrumque
1030 2213 1113 2243 enirn
1151 2216 1330 2252 corruptum
1361 2216 1409 2240 est
1437 2219 1476 2239 ex

827 2256 905 2287 ὅσοι.
952 2262 959 2274 ‘
978 2255 1024 2286 At
1046 2266 1130 2291 vero,
1161 2255 1185 2284 si
1214 2255 1259 2284 ita
1283 2254 1380 2293 lege5‚
1406 2262 1476 2292 quae

827 2300 885 2329 erit
900 2300 1065 2330 verborum
1087 2297 1288 2333 constructio,
1311 2305 1381 2337 quae
1405 2305 1476 2325 sen-

827 2342 959 2372 tentia?
986 2342 1092 2372 Nulla.
1130 2340 1325 2372 “Oo'otenim
1343 2339 1393 2369 hic
1420 2337 1475 2368 de-

828 2386 957 2415 lendum
985 2391 1016 2416 et
1039 2394 1133 2426 supra
1156 2395 1211 2424 pro
1240 2383 1269 2414 οἱ
1285 2381 1473 2412 substituen-

828 2428 914 2464 dum,
940 2434 973 2459 111
993 2433 1080 2459 totus
1102 2428 1188 2457 100115
1212 2427 1258 2456 ita
1281 2426 1421 2466 legatur.
1432 2442 1475 2447 —

827 2471 966 2512 κοράκων
1002 2470 1179 2510 ὠνόμασται
1210 2470 1316 2500 νᾶσος.
1346 2467 1413 2498 ὅσοι
1442 2465 1475 2497 δὲ

825 2515 959 2553 ἥγηνται
972 2534 1014 2538 -
1025 2511 1216 2554 οἰκουμένας,
1229 2508 1475 2542 πεπιστευκότες

825 2557 943 2597 μάταια
956 2559 1105 2589 ἴστωσαν.
1151 2556 1276 2586 Primus
1298 2554 1416 2585 scilicet
1438 2552 1473 2582 li-

828 2601 944 2631 brarius
956 2612 1027 2632 cum
1041 2601 1070 2631 οἱ
1081 2604 1250 2634 exarasset,
1267 2598 1388 2628 duabus
1403 2595 1474 2626 lite-

826 2645 876 2679 ris,
908 2654 977 2685 quae
1002 2644 1050 2675 bis
1076 2642 1231 2685 ponendae
1253 2645 1353 2678 erant,
1377 2638 1474 2670 semel
