<?xml version="1.0" encoding="UTF-8"?>
<!DOCTYPE html PUBLIC "-//W3C//DTD XHTML 1.0 Transitional//EN"
    "http://www.w3.org/TR/xhtml1/DTD/xhtml1-transitional.dtd">
<html xmlns="http://www.w3.org/1999/xhtml" xml:lang="en" lang="en">
 <head>
  <title>
</title>
<meta http-equiv="Content-Type" content="text/html;charset=utf-8" />
  <meta name='ocr-system' content='tesseract 3.04.00' />
  <meta name='ocr-capabilities' content='ocr_page ocr_carea ocr_par ocr_line ocrx_word'/>
</head>
<body>
  <div class='ocr_page' id='page_1' title='image "./hecubaorestesph00euriuoft_0096.png"; bbox 0 0 1566 2789; ppageno 0'>
   <div class='ocr_carea' id='block_1_1' title="bbox 97 74 221 122">
    <p class='ocr_par' dir='ltr' id='par_1_1' title="bbox 97 74 221 122">
     <span class='ocr_line' id='line_1_1' title="bbox 97 74 221 122; baseline 0 0"><span class='ocrx_word' id='word_1_1' title='bbox 97 74 221 122; x_wconf 72' lang='grc'>,22</span> 
     </span>
    </p>
   </div>
   <div class='ocr_carea' id='block_1_2' title="bbox 224 200 667 275">
    <p class='ocr_par' dir='ltr' id='par_1_2' title="bbox 224 200 667 275">
     <span class='ocr_line' id='line_1_2' title="bbox 224 200 667 275; baseline 0.011 -24"><span class='ocrx_word' id='word_1_2' title='bbox 224 200 380 253; x_wconf 73' lang='grc' dir='ltr'>πείσει·</span> <span class='ocrx_word' id='word_1_3' title='bbox 411 201 548 268; x_wconf 70' lang='grc' dir='ltr'><em>λόγος</em></span> <span class='ocrx_word' id='word_1_4' title='bbox 573 204 667 275; x_wconf 63' lang='grc' dir='ltr'>’γάξ</span> 
     </span>
    </p>
   </div>
   <div class='ocr_carea' id='block_1_3' title="bbox 695 201 810 257">
    <p class='ocr_par' dir='ltr' id='par_1_3' title="bbox 695 201 810 257">
     <span class='ocr_line' id='line_1_3' title="bbox 695 201 810 221; baseline 0.017 -2"><span class='ocrx_word' id='word_1_5' title='bbox 695 201 714 220; x_wconf 74' lang='lat' dir='ltr'>&gt;l</span> <span class='ocrx_word' id='word_1_6' title='bbox 799 206 810 221; x_wconf 71' lang='lat'>9</span> 
     </span>
     <span class='ocr_line' id='line_1_4' title="bbox 695 228 800 257; baseline 0.019 -2"><span class='ocrx_word' id='word_1_7' title='bbox 695 228 745 256; x_wconf 67' lang='grc' dir='ltr'>ἐκ</span> <span class='ocrx_word' id='word_1_8' title='bbox 773 230 800 257; x_wconf 78' lang='lat'>‘2&#39;</span> 
     </span>
    </p>
   </div>
   <div class='ocr_carea' id='block_1_4' title="bbox 561 77 1061 130">
    <p class='ocr_par' dir='ltr' id='par_1_4' title="bbox 561 77 1061 130">
     <span class='ocr_line' id='line_1_5' title="bbox 561 77 1061 130; baseline 0.01 -5"><span class='ocrx_word' id='word_1_9' title='bbox 561 77 1061 130; x_wconf 72' lang='grc' dir='ltr'>ΕΥΡΙΠΙΔΟΥ</span> 
     </span>
    </p>
   </div>
   <div class='ocr_carea' id='block_1_5' title="bbox 839 204 1208 268">
    <p class='ocr_par' dir='ltr' id='par_1_5' title="bbox 839 204 1208 268">
     <span class='ocr_line' id='line_1_6' title="bbox 839 204 1208 268; baseline 0.005 -11"><span class='ocrx_word' id='word_1_10' title='bbox 839 207 873 256; x_wconf 80' lang='grc' dir='ltr'>ἀ</span> <span class='ocrx_word' id='word_1_11' title='bbox 904 204 1102 268; x_wconf 73' lang='grc' dir='ltr'><em>οξούντων</em></span> <span class='ocrx_word' id='word_1_12' title='bbox 1130 206 1208 268; x_wconf 61' lang='lat' dir='ltr'>idm,</span> 
     </span>
    </p>
   </div>
   <div class='ocr_carea' id='block_1_6' title="bbox 153 276 1478 577">
    <p class='ocr_par' dir='ltr' id='par_1_6' title="bbox 153 276 1478 426">
     <span class='ocr_line' id='line_1_7' title="bbox 225 276 1478 341; baseline 0.008 -16"><span class='ocrx_word' id='word_1_13' title='bbox 225 278 321 326; x_wconf 73' lang='grc' dir='ltr'>κάκ</span> <span class='ocrx_word' id='word_1_14' title='bbox 343 279 418 327; x_wconf 70' lang='grc' dir='ltr'>τῶν</span> <span class='ocrx_word' id='word_1_15' title='bbox 441 276 670 329; x_wconf 73' lang='grc' dir='ltr'><em>δοκούντων</em></span> <span class='ocrx_word' id='word_1_16' title='bbox 698 278 844 341; x_wconf 72' lang='grc' dir='ltr'><em>οἱῦτός,</em></span> <span class='ocrx_word' id='word_1_17' title='bbox 872 280 920 332; x_wconf 74' lang='grc' dir='ltr'>οὐ</span> <span class='ocrx_word' id='word_1_18' title='bbox 947 279 1108 333; x_wconf 71' lang='grc' dir='ltr'><em>ταυτὸν</em></span> <span class='ocrx_word' id='word_1_19' title='bbox 1136 283 1286 334; x_wconf 77' lang='grc' dir='ltr'>σθένει.</span> <span class='ocrx_word' id='word_1_20' title='bbox 1396 297 1478 334; x_wconf 77' lang='grc'>295</span> 
     </span>
     <span class='ocr_line' id='line_1_8' title="bbox 153 350 1245 426; baseline 0.007 -26"><span class='ocrx_word' id='word_1_21' title='bbox 153 352 236 401; x_wconf 83' lang='grc' dir='ltr'>Χο.</span> <span class='ocrx_word' id='word_1_22' title='bbox 281 350 346 408; x_wconf 72' lang='grc' dir='ltr'>τίς</span> <span class='ocrx_word' id='word_1_23' title='bbox 369 352 482 403; x_wconf 76' lang='grc' dir='ltr'><em>ἐστιν</em></span> <span class='ocrx_word' id='word_1_24' title='bbox 509 351 620 404; x_wconf 65' lang='grc' dir='ltr'><em>οὕτω</em></span> <span class='ocrx_word' id='word_1_25' title='bbox 647 352 829 425; x_wconf 73' lang='grc' dir='ltr'><em>στερῥός</em></span> <span class='ocrx_word' id='word_1_26' title='bbox 857 357 1075 426; x_wconf 54' lang='grc' dir='ltr'><em>ἀνθρώπου</em></span> <span class='ocrx_word' id='word_1_27' title='bbox 1103 355 1245 421; x_wconf 74' lang='grc' dir='ltr'><em>φύσις,</em></span> 
     </span>
    </p>

    <p class='ocr_par' dir='ltr' id='par_1_7' title="bbox 227 422 1173 502">
     <span class='ocr_line' id='line_1_9' title="bbox 227 422 1173 502; baseline 0.007 -27"><span class='ocrx_word' id='word_1_28' title='bbox 227 422 331 485; x_wconf 67' lang='grc' dir='ltr'><strong><em>ἥτις,</em></strong></span> <span class='ocrx_word' id='word_1_29' title='bbox 360 425 467 490; x_wconf 73' lang='grc' dir='ltr'>γόων</span> <span class='ocrx_word' id='word_1_30' title='bbox 494 430 572 478; x_wconf 75' lang='grc' dir='ltr'>σῶν</span> <span class='ocrx_word' id='word_1_31' title='bbox 600 429 679 480; x_wconf 73' lang='grc' dir='ltr'>καὶ</span> <span class='ocrx_word' id='word_1_32' title='bbox 705 432 888 501; x_wconf 69' lang='grc' dir='ltr'><em>μοικξῶν</em></span> <span class='ocrx_word' id='word_1_33' title='bbox 915 430 1173 502; x_wconf 57' lang='grc' dir='ltr'><em>ὀδυρμάτων</em></span> 
     </span>
    </p>

    <p class='ocr_par' dir='ltr' id='par_1_8' title="bbox 225 499 1382 577">
     <span class='ocr_line' id='line_1_10' title="bbox 225 499 1382 577; baseline 0.008 -28"><span class='ocrx_word' id='word_1_34' title='bbox 225 499 433 551; x_wconf 77' lang='grc' dir='ltr'><em>κλύουσα</em></span> <span class='ocrx_word' id='word_1_35' title='bbox 455 503 633 573; x_wconf 63' lang='grc' dir='ltr'><em>θξῆνους,</em></span> <span class='ocrx_word' id='word_1_36' title='bbox 655 503 733 554; x_wconf 69' lang='grc' dir='ltr'>οὐκ</span> <span class='ocrx_word' id='word_1_37' title='bbox 760 501 813 555; x_wconf 67' lang='grc' dir='ltr'>ἂν</span> <span class='ocrx_word' id='word_1_38' title='bbox 841 504 1040 568; x_wconf 72' lang='grc' dir='ltr'><em>ἐκβάλοι</em></span> <span class='ocrx_word' id='word_1_39' title='bbox 1069 504 1213 577; x_wconf 68' lang='grc' dir='ltr'><em>δάκξυ</em></span> <span class='ocrx_word' id='word_1_40' title='bbox 1231 532 1360 577; x_wconf 34' lang='lat'>3243:</span> <span class='ocrx_word' id='word_1_41' title='bbox 1380 510 1382 512; x_wconf 17' lang='lat' dir='ltr'>V</span> 
     </span>
    </p>
   </div>
   <div class='ocr_carea' id='block_1_7' title="bbox 152 571 1243 650">
    <p class='ocr_par' dir='ltr' id='par_1_9' title="bbox 152 571 1243 650">
     <span class='ocr_line' id='line_1_11' title="bbox 152 571 1243 650; baseline 0.008 -27"><span class='ocrx_word' id='word_1_42' title='bbox 152 571 243 624; x_wconf 80' lang='grc' dir='ltr'>Οδ.</span> <span class='ocrx_word' id='word_1_43' title='bbox 271 574 474 638; x_wconf 66' lang='grc' dir='ltr'><em>“Εκοἰβν,,</em></span> <span class='ocrx_word' id='word_1_44' title='bbox 503 575 730 638; x_wconf 75' lang='grc' dir='ltr'><em>διδάσκου,</em></span> <span class='ocrx_word' id='word_1_45' title='bbox 757 577 871 647; x_wconf 69' lang='grc' dir='ltr'>μηδὲ</span> <span class='ocrx_word' id='word_1_46' title='bbox 901 581 963 647; x_wconf 68' lang='grc' dir='ltr'>«τῷ</span> <span class='ocrx_word' id='word_1_47' title='bbox 985 581 1243 650; x_wconf 78' lang='grc' dir='ltr'><em>θυμουμένῳ</em></span> 
     </span>
    </p>
   </div>
   <div class='ocr_carea' id='block_1_8' title="bbox 225 645 942 739">
    <p class='ocr_par' dir='ltr' id='par_1_10' title="bbox 225 645 942 739">
     <span class='ocr_line' id='line_1_12' title="bbox 225 645 942 720; baseline 0.011 -23"><span class='ocrx_word' id='word_1_48' title='bbox 225 645 294 698; x_wconf 72' lang='grc' dir='ltr'>τὸν</span> <span class='ocrx_word' id='word_1_49' title='bbox 318 646 365 699; x_wconf 64' lang='grc' dir='ltr'>εὖ</span> <span class='ocrx_word' id='word_1_50' title='bbox 384 651 582 715; x_wconf 67' lang='grc' dir='ltr'><em>λέγοντα</em></span> <span class='ocrx_word' id='word_1_51' title='bbox 605 650 798 720; x_wconf 62' lang='grc' dir='ltr'><em>δυσμενῆ</em></span> <span class='ocrx_word' id='word_1_52' title='bbox 818 655 942 705; x_wconf 72' lang='grc' dir='ltr'><em>ποιοῦ</em></span> 
     </span>
     <span class='ocr_line' id='line_1_13' title="bbox 826 725 837 739; baseline 0 0"><span class='ocrx_word' id='word_1_53' title='bbox 826 725 837 739; x_wconf 74' lang='lat'>‚</span> 
     </span>
    </p>
   </div>
   <div class='ocr_carea' id='block_1_9' title="bbox 733 727 1244 800">
    <p class='ocr_par' dir='ltr' id='par_1_11' title="bbox 733 727 1244 800">
     <span class='ocr_line' id='line_1_14' title="bbox 733 727 1244 800; baseline 0.004 -22"><span class='ocrx_word' id='word_1_54' title='bbox 733 769 743 788; x_wconf 86' lang='grc'>,</span> <span class='ocrx_word' id='word_1_55' title='bbox 766 742 826 793; x_wconf 82' lang='grc' dir='ltr'>υφ</span> <span class='ocrx_word' id='word_1_56' title='bbox 860 727 989 800; x_wconf 55' lang='grc' dir='ltr'><em>οὗπερ</em></span> <span class='ocrx_word' id='word_1_57' title='bbox 1013 727 1244 799; x_wconf 71' lang='grc' dir='ltr'><em>ηυτύχουν,</em></span> 
     </span>
    </p>
   </div>
   <div class='ocr_carea' id='block_1_10' title="bbox 229 720 786 795">
    <p class='ocr_par' dir='ltr' id='par_1_12' title="bbox 229 720 786 795">
     <span class='ocr_line' id='line_1_15' title="bbox 229 720 786 795; baseline 0.013 -24"><span class='ocrx_word' id='word_1_58' title='bbox 229 720 316 786; x_wconf 65' lang='grc' dir='ltr'>ἐγὼ</span> <span class='ocrx_word' id='word_1_59' title='bbox 340 721 387 774; x_wconf 69' lang='grc' dir='ltr'>τὸ</span> <span class='ocrx_word' id='word_1_60' title='bbox 412 723 494 791; x_wconf 64' lang='grc' dir='ltr'>μὲν</span> <span class='ocrx_word' id='word_1_61' title='bbox 521 722 593 776; x_wconf 74' lang='grc' dir='ltr'>σδν</span> <span class='ocrx_word' id='word_1_62' title='bbox 620 724 732 795; x_wconf 69' lang='grc' dir='ltr'>σῶμ’</span> <span class='ocrx_word' id='word_1_63' title='bbox 775 727 786 741; x_wconf 75' lang='lat'><em>‘</em></span> 
     </span>
    </p>
   </div>
   <div class='ocr_carea' id='block_1_11' title="bbox 791 801 800 816">
    <p class='ocr_par' dir='ltr' id='par_1_13' title="bbox 791 801 800 816">
     <span class='ocr_line' id='line_1_16' title="bbox 791 801 800 816; baseline 0 0"><span class='ocrx_word' id='word_1_64' title='bbox 791 801 800 816; x_wconf 72' lang='lat'><em>5</em></span> 
     </span>
    </p>
   </div>
   <div class='ocr_carea' id='block_1_12' title="bbox 962 654 1483 726">
    <p class='ocr_par' dir='ltr' id='par_1_14' title="bbox 962 654 1483 726">
     <span class='ocr_line' id='line_1_17' title="bbox 962 654 1483 726; baseline 0.004 -22"><span class='ocrx_word' id='word_1_65' title='bbox 962 654 1094 726; x_wconf 56' lang='grc' dir='ltr'><strong>φρενί.</strong></span> <span class='ocrx_word' id='word_1_66' title='bbox 1399 670 1483 706; x_wconf 82' lang='grc'>300</span> 
     </span>
    </p>
   </div>
   <div class='ocr_carea' id='block_1_13' title="bbox 880 800 901 820">
    <p class='ocr_par' dir='ltr' id='par_1_15' title="bbox 880 800 901 820">
     <span class='ocr_line' id='line_1_18' title="bbox 880 800 901 820; baseline 0.095 -2"><span class='ocrx_word' id='word_1_67' title='bbox 880 800 901 820; x_wconf 76' lang='lat'>1!</span> 
     </span>
    </p>
   </div>
   <div class='ocr_carea' id='block_1_14' title="bbox 227 797 1191 948">
    <p class='ocr_par' dir='ltr' id='par_1_16' title="bbox 227 797 1191 948">
     <span class='ocr_line' id='line_1_19' title="bbox 227 797 1187 869; baseline 0.007 -22"><span class='ocrx_word' id='word_1_68' title='bbox 227 797 377 866; x_wconf 69' lang='grc' dir='ltr'><em>σώζειν</em></span> <span class='ocrx_word' id='word_1_69' title='bbox 401 797 573 868; x_wconf 75' lang='grc' dir='ltr'><em>ἕτοιμός</em></span> <span class='ocrx_word' id='word_1_70' title='bbox 597 802 700 869; x_wconf 73' lang='grc' dir='ltr'><em>εἶμι,</em></span> <span class='ocrx_word' id='word_1_71' title='bbox 728 824 839 853; x_wconf 68' lang='lat' dir='ltr'>noun</span> <span class='ocrx_word' id='word_1_72' title='bbox 866 815 1024 861; x_wconf 78' lang='grc' dir='ltr'><em>αλλως</em></span> <span class='ocrx_word' id='word_1_73' title='bbox 1047 804 1187 869; x_wconf 73' lang='grc' dir='ltr'><strong>λέγω.</strong></span> 
     </span>
     <span class='ocr_line' id='line_1_20' title="bbox 230 867 1191 948; baseline 0.008 -28"><span class='ocrx_word' id='word_1_74' title='bbox 230 867 262 920; x_wconf 71' lang='grc' dir='ltr'>οἳ</span> <span class='ocrx_word' id='word_1_75' title='bbox 284 870 321 922; x_wconf 73' lang='grc' dir='ltr'>δ’</span> <span class='ocrx_word' id='word_1_76' title='bbox 350 867 464 924; x_wconf 65' lang='grc' dir='ltr'><em>εἷπον</em></span> <span class='ocrx_word' id='word_1_77' title='bbox 487 876 544 932; x_wconf 79' lang='grc' dir='ltr'>εἷς</span> <span class='ocrx_word' id='word_1_78' title='bbox 573 873 793 937; x_wconf 66' lang='grc' dir='ltr'>ἅπαντας,</span> <span class='ocrx_word' id='word_1_79' title='bbox 821 876 899 928; x_wconf 76' lang='grc' dir='ltr'>οὐκ</span> <span class='ocrx_word' id='word_1_80' title='bbox 927 878 1191 948; x_wconf 47' lang='lat' dir='ltr'>&amp;guia-optat,</span> 
     </span>
    </p>
   </div>
   <div class='ocr_carea' id='block_1_15' title="bbox 156 1008 812 2596">
    <p class='ocr_par' dir='ltr' id='par_1_17' title="bbox 156 1008 812 2596">
     <span class='ocr_line' id='line_1_21' title="bbox 156 1008 797 1052; baseline 0.008 -15"><span class='ocrx_word' id='word_1_81' title='bbox 156 1008 248 1043; x_wconf 74' lang='lat' dir='ltr'>thius,</span> <span class='ocrx_word' id='word_1_82' title='bbox 271 1014 307 1038; x_wconf 89' lang='lat' dir='ltr'>ut</span> <span class='ocrx_word' id='word_1_83' title='bbox 327 1008 447 1039; x_wconf 82' lang='lat' dir='ltr'>scilicet</span> <span class='ocrx_word' id='word_1_84' title='bbox 461 1010 544 1052; x_wconf 75' lang='grc' dir='ltr'>λέγῃ</span> <span class='ocrx_word' id='word_1_85' title='bbox 561 1011 601 1041; x_wconf 85' lang='lat' dir='ltr'>sit</span> <span class='ocrx_word' id='word_1_86' title='bbox 615 1011 727 1042; x_wconf 83' lang='lat' dir='ltr'>mediae</span> <span class='ocrx_word' id='word_1_87' title='bbox 745 1022 797 1042; x_wconf 77' lang='lat' dir='ltr'>vo-</span> 
     </span>
     <span class='ocr_line' id='line_1_22' title="bbox 156 1051 799 1093; baseline 0.009 -13"><span class='ocrx_word' id='word_1_88' title='bbox 156 1052 212 1081; x_wconf 71' lang='lat' dir='ltr'>cis.</span> <span class='ocrx_word' id='word_1_89' title='bbox 257 1051 319 1080; x_wconf 79' lang='lat' dir='ltr'>Sed</span> <span class='ocrx_word' id='word_1_90' title='bbox 346 1053 488 1093; x_wconf 81' lang='lat' dir='ltr'>exempla</span> <span class='ocrx_word' id='word_1_91' title='bbox 514 1053 617 1084; x_wconf 85' lang='lat' dir='ltr'>aliena</span> <span class='ocrx_word' id='word_1_92' title='bbox 645 1056 735 1086; x_wconf 80' lang='lat' dir='ltr'>affert</span> <span class='ocrx_word' id='word_1_93' title='bbox 763 1066 799 1086; x_wconf 88' lang='lat' dir='ltr'>ex</span> 
     </span>
     <span class='ocr_line' id='line_1_23' title="bbox 156 1094 799 1138; baseline 0.012 -16"><span class='ocrx_word' id='word_1_94' title='bbox 156 1094 292 1124; x_wconf 81' lang='lat' dir='ltr'><strong>Homero</strong></span> <span class='ocrx_word' id='word_1_95' title='bbox 304 1106 311 1131; x_wconf 85' lang='lat'><strong>;</strong></span> <span class='ocrx_word' id='word_1_96' title='bbox 326 1104 488 1136; x_wconf 87' lang='lat' dir='ltr'>nunquam</span> <span class='ocrx_word' id='word_1_97' title='bbox 500 1095 634 1136; x_wconf 74' lang='grc' dir='ltr'><em>λέγομαι</em></span> <span class='ocrx_word' id='word_1_98' title='bbox 648 1108 702 1138; x_wconf 85' lang='lat' dir='ltr'>pro</span> <span class='ocrx_word' id='word_1_99' title='bbox 713 1097 799 1138; x_wconf 75' lang='grc' dir='ltr'>λέγω</span> 
     </span>
     <span class='ocr_line' id='line_1_24' title="bbox 157 1136 800 1180; baseline 0.011 -15"><span class='ocrx_word' id='word_1_100' title='bbox 157 1136 267 1167; x_wconf 76' lang='lat' dir='ltr'>dicunt</span> <span class='ocrx_word' id='word_1_101' title='bbox 282 1137 393 1168; x_wconf 79' lang='lat' dir='ltr'>Attici.</span> <span class='ocrx_word' id='word_1_102' title='bbox 425 1138 462 1180; x_wconf 82' lang='lat' dir='ltr'>In</span> <span class='ocrx_word' id='word_1_103' title='bbox 472 1140 636 1180; x_wconf 80' lang='lat' dir='ltr'>Sophoclis</span> <span class='ocrx_word' id='word_1_104' title='bbox 647 1142 714 1172; x_wconf 88' lang='lat' dir='ltr'>loco</span> <span class='ocrx_word' id='word_1_105' title='bbox 727 1141 800 1173; x_wconf 83' lang='lat' dir='ltr'>OEd.</span> 
     </span>
     <span class='ocr_line' id='line_1_25' title="bbox 159 1179 799 1225; baseline 0.009 -16"><span class='ocrx_word' id='word_1_106' title='bbox 159 1179 196 1210; x_wconf 88' lang='lat' dir='ltr'>C.</span> <span class='ocrx_word' id='word_1_107' title='bbox 224 1183 320 1211; x_wconf 82' lang='grc'><strong>1186.</strong></span> <span class='ocrx_word' id='word_1_108' title='bbox 343 1180 468 1221; x_wconf 79' lang='grc' dir='ltr'><em>λέξεται</em></span> <span class='ocrx_word' id='word_1_109' title='bbox 492 1188 540 1214; x_wconf 85' lang='lat' dir='ltr'>est</span> <span class='ocrx_word' id='word_1_110' title='bbox 566 1184 734 1225; x_wconf 86' lang='lat' dir='ltr'>passivum,</span> <span class='ocrx_word' id='word_1_111' title='bbox 764 1190 799 1216; x_wconf 87' lang='lat' dir='ltr'>ut</span> 
     </span>
     <span class='ocr_line' id='line_1_26' title="bbox 156 1224 798 1266; baseline 0.009 -14"><span class='ocrx_word' id='word_1_112' title='bbox 156 1232 278 1263; x_wconf 74' lang='lat' dir='ltr'>semper</span> <span class='ocrx_word' id='word_1_113' title='bbox 297 1224 380 1264; x_wconf 86' lang='lat' dir='ltr'>apud</span> <span class='ocrx_word' id='word_1_114' title='bbox 403 1225 559 1266; x_wconf 80' lang='lat' dir='ltr'>Tragicos.</span> <span class='ocrx_word' id='word_1_115' title='bbox 589 1226 718 1258; x_wconf 85' lang='lat' dir='ltr'>Photius</span> <span class='ocrx_word' id='word_1_116' title='bbox 733 1229 798 1259; x_wconf 83' lang='lat' dir='ltr'>Ms.</span> 
     </span>
     <span class='ocr_line' id='line_1_27' title="bbox 156 1265 801 1307; baseline 0.008 -11"><span class='ocrx_word' id='word_1_117' title='bbox 156 1265 293 1305; x_wconf 85' lang='grc' dir='ltr'>Λέξεται.</span> <span class='ocrx_word' id='word_1_118' title='bbox 303 1267 507 1307; x_wconf 75' lang='grc' dir='ltr'>λεχθήσεται.</span> <span class='ocrx_word' id='word_1_119' title='bbox 519 1269 633 1301; x_wconf 84' lang='lat' dir='ltr'>Confer</span> <span class='ocrx_word' id='word_1_120' title='bbox 641 1271 719 1301; x_wconf 86' lang='lat' dir='ltr'>infra</span> <span class='ocrx_word' id='word_1_121' title='bbox 727 1274 801 1303; x_wconf 85' lang='grc'><strong>895.</strong></span> 
     </span>
     <span class='ocr_line' id='line_1_28' title="bbox 202 1311 801 1353; baseline 0.008 -13"><span class='ocrx_word' id='word_1_122' title='bbox 202 1312 277 1341; x_wconf 74' lang='lat'>⁸294.</span> <span class='ocrx_word' id='word_1_123' title='bbox 314 1311 410 1342; x_wconf 79' lang='grc' dir='ltr'>πείθει</span> <span class='ocrx_word' id='word_1_124' title='bbox 441 1313 522 1353; x_wconf 80' lang='lat' dir='ltr'>Aug.</span> <span class='ocrx_word' id='word_1_125' title='bbox 571 1316 599 1343; x_wconf 89' lang='lat' dir='ltr'>l.</span> <span class='ocrx_word' id='word_1_126' title='bbox 650 1314 801 1345; x_wconf 87' lang='lat' dir='ltr'>Brunckii</span> 
     </span>
     <span class='ocr_line' id='line_1_29' title="bbox 158 1353 799 1398; baseline 0.011 -17"><span class='ocrx_word' id='word_1_127' title='bbox 158 1353 286 1384; x_wconf 82' lang='lat' dir='ltr'>membr.</span> <span class='ocrx_word' id='word_1_128' title='bbox 304 1359 336 1384; x_wconf 83' lang='lat' dir='ltr'>et</span> <span class='ocrx_word' id='word_1_129' title='bbox 350 1354 438 1386; x_wconf 78' lang='lat' dir='ltr'>Harl.</span> <span class='ocrx_word' id='word_1_130' title='bbox 453 1357 535 1396; x_wconf 79' lang='lat' dir='ltr'>quod</span> <span class='ocrx_word' id='word_1_131' title='bbox 548 1362 674 1398; x_wconf 85' lang='lat' dir='ltr'>tempus</span> <span class='ocrx_word' id='word_1_132' title='bbox 684 1368 799 1388; x_wconf 85' lang='lat' dir='ltr'>conve-</span> 
     </span>
     <span class='ocr_line' id='line_1_30' title="bbox 156 1395 799 1442; baseline 0.012 -18"><span class='ocrx_word' id='word_1_133' title='bbox 156 1395 204 1425; x_wconf 85' lang='lat' dir='ltr'>nit</span> <span class='ocrx_word' id='word_1_134' title='bbox 218 1406 287 1426; x_wconf 92' lang='lat' dir='ltr'>cum</span> <span class='ocrx_word' id='word_1_135' title='bbox 306 1399 380 1438; x_wconf 62' lang='grc' dir='ltr'>νικιῑιΑ</span> <span class='ocrx_word' id='word_1_136' title='bbox 399 1399 506 1429; x_wconf 85' lang='lat' dir='ltr'>Gellii.</span> <span class='ocrx_word' id='word_1_137' title='bbox 528 1399 592 1432; x_wconf 85' lang='lat' dir='ltr'>Ms.</span> <span class='ocrx_word' id='word_1_138' title='bbox 616 1400 653 1430; x_wconf 91' lang='lat' dir='ltr'>E.</span> <span class='ocrx_word' id='word_1_139' title='bbox 676 1411 799 1442; x_wconf 85' lang='lat' dir='ltr'>quoque</span> 
     </span>
     <span class='ocr_line' id='line_1_31' title="bbox 157 1437 801 1475; baseline 0.009 -7"><span class='ocrx_word' id='word_1_140' title='bbox 157 1437 253 1469; x_wconf 78' lang='grc' dir='ltr'>πείθει</span> <span class='ocrx_word' id='word_1_141' title='bbox 269 1440 372 1475; x_wconf 85' lang='lat' dir='ltr'>habet,</span> <span class='ocrx_word' id='word_1_142' title='bbox 394 1442 448 1471; x_wconf 90' lang='lat' dir='ltr'>sed</span> <span class='ocrx_word' id='word_1_143' title='bbox 464 1442 497 1472; x_wconf 89' lang='lat' dir='ltr'>in</span> <span class='ocrx_word' id='word_1_144' title='bbox 510 1451 628 1475; x_wconf 85' lang='lat' dir='ltr'>rasura.</span> <span class='ocrx_word' id='word_1_145' title='bbox 672 1444 705 1474; x_wconf 85' lang='lat' dir='ltr'>Si</span> <span class='ocrx_word' id='word_1_146' title='bbox 721 1445 801 1474; x_wconf 86' lang='lat' dir='ltr'>hanc</span> 
     </span>
     <span class='ocr_line' id='line_1_32' title="bbox 158 1481 801 1524; baseline 0.009 -14"><span class='ocrx_word' id='word_1_147' title='bbox 158 1481 324 1512; x_wconf 84' lang='lat' dir='ltr'>lectionem</span> <span class='ocrx_word' id='word_1_148' title='bbox 354 1485 491 1524; x_wconf 72' lang='lat' dir='ltr'>praefers,</span> <span class='ocrx_word' id='word_1_149' title='bbox 520 1490 624 1515; x_wconf 81' lang='lat' dir='ltr'>verte:</span> <span class='ocrx_word' id='word_1_150' title='bbox 657 1491 665 1503; x_wconf 91' lang='lat'>‘</span> <span class='ocrx_word' id='word_1_151' title='bbox 678 1487 801 1517; x_wconf 88' lang='lat' dir='ltr'>vincere</span> 
     </span>
     <span class='ocr_line' id='line_1_33' title="bbox 156 1524 801 1560; baseline 0.009 -7"><span class='ocrx_word' id='word_1_152' title='bbox 156 1524 259 1560; x_wconf 84' lang='lat' dir='ltr'>solet‚&#39;</span> <span class='ocrx_word' id='word_1_153' title='bbox 274 1535 335 1556; x_wconf 85' lang='lat' dir='ltr'>non</span> <span class='ocrx_word' id='word_1_154' title='bbox 352 1532 360 1544; x_wconf 82' lang='lat'>‘</span> <span class='ocrx_word' id='word_1_155' title='bbox 373 1527 499 1558; x_wconf 87' lang='lat' dir='ltr'>vincet.&#39;</span> <span class='ocrx_word' id='word_1_156' title='bbox 544 1527 612 1558; x_wconf 86' lang='lat' dir='ltr'>Hos</span> <span class='ocrx_word' id='word_1_157' title='bbox 625 1533 688 1559; x_wconf 86' lang='lat' dir='ltr'>tres</span> <span class='ocrx_word' id='word_1_158' title='bbox 698 1539 801 1559; x_wconf 84' lang='lat' dir='ltr'>versus</span> 
     </span>
     <span class='ocr_line' id='line_1_34' title="bbox 156 1566 802 1613; baseline 0.009 -16"><span class='ocrx_word' id='word_1_159' title='bbox 156 1566 201 1597; x_wconf 83' lang='lat' dir='ltr'>ita</span> <span class='ocrx_word' id='word_1_160' title='bbox 209 1567 488 1600; x_wconf 87' lang='lat' dir='ltr'>reddiditEnnius:</span> <span class='ocrx_word' id='word_1_161' title='bbox 503 1570 611 1602; x_wconf 80' lang='lat' dir='ltr'>“Haec</span> <span class='ocrx_word' id='word_1_162' title='bbox 620 1580 652 1601; x_wconf 85' lang='lat' dir='ltr'>tu</span> <span class='ocrx_word' id='word_1_163' title='bbox 664 1572 723 1602; x_wconf 83' lang='lat' dir='ltr'>etsi</span> <span class='ocrx_word' id='word_1_164' title='bbox 732 1582 802 1613; x_wconf 84' lang='lat' dir='ltr'>per·</span> 
     </span>
     <span class='ocr_line' id='line_1_35' title="bbox 162 1611 800 1653; baseline 0.011 -15"><span class='ocrx_word' id='word_1_165' title='bbox 162 1619 249 1640; x_wconf 85' lang='lat' dir='ltr'>vorse</span> <span class='ocrx_word' id='word_1_166' title='bbox 273 1611 370 1647; x_wconf 84' lang='lat' dir='ltr'>dices,</span> <span class='ocrx_word' id='word_1_167' title='bbox 386 1612 479 1643; x_wconf 77' lang='lat' dir='ltr'>facile</span> <span class='ocrx_word' id='word_1_168' title='bbox 501 1612 638 1644; x_wconf 86' lang='lat' dir='ltr'>Achivos</span> <span class='ocrx_word' id='word_1_169' title='bbox 661 1615 800 1653; x_wconf 77' lang='lat' dir='ltr'>flexeris;</span> 
     </span>
     <span class='ocr_line' id='line_1_36' title="bbox 159 1651 808 1698; baseline 0.009 -16"><span class='ocrx_word' id='word_1_170' title='bbox 159 1651 245 1683; x_wconf 88' lang='lat' dir='ltr'>Nam</span> <span class='ocrx_word' id='word_1_171' title='bbox 254 1655 396 1693; x_wconf 86' lang='lat' dir='ltr'>opulenti</span> <span class='ocrx_word' id='word_1_172' title='bbox 409 1666 502 1696; x_wconf 85' lang='lat' dir='ltr'>quum</span> <span class='ocrx_word' id='word_1_173' title='bbox 513 1657 682 1697; x_wconf 88' lang='lat' dir='ltr'>loquuntur</span> <span class='ocrx_word' id='word_1_174' title='bbox 693 1658 808 1698; x_wconf 85' lang='lat' dir='ltr'>pariter</span> 
     </span>
     <span class='ocr_line' id='line_1_37' title="bbox 162 1697 804 1737; baseline 0.009 -12"><span class='ocrx_word' id='word_1_175' title='bbox 162 1701 256 1736; x_wconf 82' lang='lat' dir='ltr'>atque</span> <span class='ocrx_word' id='word_1_176' title='bbox 272 1697 436 1737; x_wconf 80' lang='lat' dir='ltr'>ignobiles,</span> <span class='ocrx_word' id='word_1_177' title='bbox 448 1698 565 1729; x_wconf 86' lang='lat' dir='ltr'>Eadem</span> <span class='ocrx_word' id='word_1_178' title='bbox 582 1699 666 1731; x_wconf 85' lang='lat' dir='ltr'>dicta</span> <span class='ocrx_word' id='word_1_179' title='bbox 679 1700 804 1731; x_wconf 39' lang='lat' dir='ltr'>eadem*</span> 
     </span>
     <span class='ocr_line' id='line_1_38' title="bbox 161 1741 756 1783; baseline 0.008 -15"><span class='ocrx_word' id='word_1_180' title='bbox 161 1749 221 1779; x_wconf 84' lang='lat' dir='ltr'>quc</span> <span class='ocrx_word' id='word_1_181' title='bbox 237 1741 335 1770; x_wconf 79' lang='lat' dir='ltr'>oratio</span> <span class='ocrx_word' id='word_1_182' title='bbox 350 1752 439 1781; x_wconf 77' lang='lat' dir='ltr'>aequa</span> <span class='ocrx_word' id='word_1_183' title='bbox 453 1752 515 1772; x_wconf 88' lang='lat' dir='ltr'>nou</span> <span class='ocrx_word' id='word_1_184' title='bbox 531 1753 620 1783; x_wconf 80' lang='lat' dir='ltr'>aeque</span> <span class='ocrx_word' id='word_1_185' title='bbox 635 1743 756 1773; x_wconf 57' lang='lat' dir='ltr'>valetfl</span> 
     </span>
     <span class='ocr_line' id='line_1_39' title="bbox 205 1783 806 1817; baseline 0.005 -4"><span class='ocrx_word' id='word_1_186' title='bbox 205 1785 281 1814; x_wconf 81' lang='grc'><strong>295.</strong></span> <span class='ocrx_word' id='word_1_187' title='bbox 305 1783 399 1815; x_wconf 81' lang='grc' dir='ltr'><em>αὐτὸς</em></span> <span class='ocrx_word' id='word_1_188' title='bbox 414 1785 479 1815; x_wconf 78' lang='lat' dir='ltr'>sine</span> <span class='ocrx_word' id='word_1_189' title='bbox 495 1786 626 1815; x_wconf 74' lang='lat' dir='ltr'>articulo</span> <span class='ocrx_word' id='word_1_190' title='bbox 641 1795 705 1816; x_wconf 90' lang='lat' dir='ltr'>non</span> <span class='ocrx_word' id='word_1_191' title='bbox 721 1787 806 1817; x_wconf 89' lang='lat' dir='ltr'>valet</span> 
     </span>
     <span class='ocr_line' id='line_1_40' title="bbox 163 1824 806 1869; baseline 0.009 -15"><span class='ocrx_word' id='word_1_192' title='bbox 163 1829 169 1841; x_wconf 87' lang='lat'>¹</span> <span class='ocrx_word' id='word_1_193' title='bbox 183 1824 290 1861; x_wconf 82' lang='lat' dir='ltr'>idem,&#39;</span> <span class='ocrx_word' id='word_1_194' title='bbox 306 1827 364 1857; x_wconf 83' lang='lat' dir='ltr'>sed</span> <span class='ocrx_word' id='word_1_195' title='bbox 379 1833 387 1845; x_wconf 92' lang='lat'><em>‘</em></span> <span class='ocrx_word' id='word_1_196' title='bbox 397 1828 487 1868; x_wconf 82' lang='lat' dir='ltr'>ipse.’</span> <span class='ocrx_word' id='word_1_197' title='bbox 509 1828 606 1859; x_wconf 78' lang='grc' dir='ltr'>ὡύτὸς</span> <span class='ocrx_word' id='word_1_198' title='bbox 620 1829 715 1869; x_wconf 81' lang='lat' dir='ltr'>igitur</span> <span class='ocrx_word' id='word_1_199' title='bbox 729 1829 806 1860; x_wconf 86' lang='lat' dir='ltr'>citat</span> 
     </span>
     <span class='ocr_line' id='line_1_41' title="bbox 164 1867 803 1909; baseline 0.008 -11"><span class='ocrx_word' id='word_1_200' title='bbox 164 1867 206 1899; x_wconf 83' lang='lat' dir='ltr'>H.</span> <span class='ocrx_word' id='word_1_201' title='bbox 224 1869 401 1909; x_wconf 74' lang='lat' dir='ltr'>Stephanus</span> <span class='ocrx_word' id='word_1_202' title='bbox 415 1872 448 1900; x_wconf 88' lang='lat' dir='ltr'>in</span> <span class='ocrx_word' id='word_1_203' title='bbox 464 1871 652 1902; x_wconf 74' lang='lat' dir='ltr'>Praefatione</span> <span class='ocrx_word' id='word_1_204' title='bbox 669 1872 709 1902; x_wconf 86' lang='lat' dir='ltr'>ad</span> <span class='ocrx_word' id='word_1_205' title='bbox 722 1872 803 1903; x_wconf 84' lang='lat' dir='ltr'>The-</span> 
     </span>
     <span class='ocr_line' id='line_1_42' title="bbox 164 1913 805 1954; baseline 0.009 -14"><span class='ocrx_word' id='word_1_206' title='bbox 164 1920 285 1941; x_wconf 71' lang='lat' dir='ltr'>§aurum</span> <span class='ocrx_word' id='word_1_207' title='bbox 311 1913 440 1954; x_wconf 50' lang='lat' dir='ltr'>Linguae</span> <span class='ocrx_word' id='word_1_208' title='bbox 464 1914 597 1945; x_wconf 76' lang='lat' dir='ltr'>Grzecae.</span> <span class='ocrx_word' id='word_1_209' title='bbox 641 1914 736 1946; x_wconf 87' lang='lat' dir='ltr'>Edidi</span> <span class='ocrx_word' id='word_1_210' title='bbox 750 1925 805 1945; x_wconf 88' lang='lat' dir='ltr'>au-</span> 
     </span>
     <span class='ocr_line' id='line_1_43' title="bbox 163 1954 808 1999; baseline 0.011 -17"><span class='ocrx_word' id='word_1_211' title='bbox 163 1959 224 1983; x_wconf 85' lang='lat' dir='ltr'>tem</span> <span class='ocrx_word' id='word_1_212' title='bbox 251 1954 344 1987; x_wconf 81' lang='grc' dir='ltr'>ἁύτὸς</span> <span class='ocrx_word' id='word_1_213' title='bbox 367 1967 404 1987; x_wconf 80' lang='lat' dir='ltr'>ex</span> <span class='ocrx_word' id='word_1_214' title='bbox 433 1956 570 1987; x_wconf 66' lang='lat' dir='ltr'>Dawesii</span> <span class='ocrx_word' id='word_1_215' title='bbox 594 1963 750 1999; x_wconf 78' lang='lat' dir='ltr'>praecepto</span> <span class='ocrx_word' id='word_1_216' title='bbox 776 1963 808 1989; x_wconf 87' lang='lat' dir='ltr'>et</span> 
     </span>
     <span class='ocr_line' id='line_1_44' title="bbox 163 1997 806 2038; baseline 0.008 -12"><span class='ocrx_word' id='word_1_217' title='bbox 163 1997 314 2038; x_wconf 80' lang='lat' dir='ltr'>analogiae</span> <span class='ocrx_word' id='word_1_218' title='bbox 326 2000 508 2031; x_wconf 83' lang='lat' dir='ltr'>rationibus.</span> <span class='ocrx_word' id='word_1_219' title='bbox 521 2002 537 2031; x_wconf 86' lang='grc' dir='ltr'><strong>ὁ</strong></span> <span class='ocrx_word' id='word_1_220' title='bbox 550 2000 642 2032; x_wconf 81' lang='grc' dir='ltr'><em>αὐτὸς</em></span> <span class='ocrx_word' id='word_1_221' title='bbox 653 2001 730 2032; x_wconf 86' lang='lat' dir='ltr'>citat</span> <span class='ocrx_word' id='word_1_222' title='bbox 742 2001 806 2031; x_wconf 86' lang='lat' dir='ltr'>Eu-</span> 
     </span>
     <span class='ocr_line' id='line_1_45' title="bbox 164 2041 803 2084; baseline 0.013 -16"><span class='ocrx_word' id='word_1_223' title='bbox 164 2041 294 2070; x_wconf 80' lang='lat' dir='ltr'>stathius</span> <span class='ocrx_word' id='word_1_224' title='bbox 319 2044 357 2072; x_wconf 80' lang='lat' dir='ltr'>ad</span> <span class='ocrx_word' id='word_1_225' title='bbox 384 2043 422 2073; x_wconf 88' lang='grc' dir='ltr'>ΙΙ.</span> <span class='ocrx_word' id='word_1_226' title='bbox 438 2047 471 2074; x_wconf 90' lang='grc' dir='ltr'>Β.</span> <span class='ocrx_word' id='word_1_227' title='bbox 488 2054 520 2084; x_wconf 91' lang='lat' dir='ltr'>p.</span> <span class='ocrx_word' id='word_1_228' title='bbox 537 2046 610 2075; x_wconf 85' lang='grc'><strong>209.</strong></span> <span class='ocrx_word' id='word_1_229' title='bbox 627 2047 666 2075; x_wconf 83' lang='grc'>10</span> <span class='ocrx_word' id='word_1_230' title='bbox 678 2047 803 2076; x_wconf 70' lang='grc' dir='ltr'>Ξ158.</span> 
     </span>
     <span class='ocr_line' id='line_1_46' title="bbox 164 2084 805 2126; baseline 0.008 -14"><span class='ocrx_word' id='word_1_231' title='bbox 164 2084 218 2113; x_wconf 83' lang='lat'>25.</span> <span class='ocrx_word' id='word_1_232' title='bbox 236 2088 268 2113; x_wconf 87' lang='lat' dir='ltr'>et</span> <span class='ocrx_word' id='word_1_233' title='bbox 282 2085 368 2116; x_wconf 86' lang='lat' dir='ltr'>alibi.</span> <span class='ocrx_word' id='word_1_234' title='bbox 388 2085 465 2126; x_wconf 82' lang='grc' dir='ltr'><em>[τῶν</em></span> <span class='ocrx_word' id='word_1_235' title='bbox 481 2086 666 2123; x_wconf 79' lang='grc' dir='ltr'><em>δοκούντων,</em></span> <span class='ocrx_word' id='word_1_236' title='bbox 683 2087 700 2117; x_wconf 89' lang='lat' dir='ltr'>i.</span> <span class='ocrx_word' id='word_1_237' title='bbox 713 2098 741 2117; x_wconf 87' lang='lat' dir='ltr'>e.</span> <span class='ocrx_word' id='word_1_238' title='bbox 757 2088 805 2117; x_wconf 82' lang='grc' dir='ltr'>ἐν-</span> 
     </span>
     <span class='ocr_line' id='line_1_47' title="bbox 166 2125 806 2168; baseline 0.006 -12"><span class='ocrx_word' id='word_1_239' title='bbox 166 2125 269 2165; x_wconf 81' lang='grc' dir='ltr'><em>δόξων,</em></span> <span class='ocrx_word' id='word_1_240' title='bbox 286 2127 376 2168; x_wconf 84' lang='grc' dir='ltr'><em>δόξαν</em></span> <span class='ocrx_word' id='word_1_241' title='bbox 391 2128 541 2168; x_wconf 86' lang='grc' dir='ltr'>ἐχόντων.</span> <span class='ocrx_word' id='word_1_242' title='bbox 573 2130 751 2160; x_wconf 82' lang='lat' dir='ltr'>Eustathius</span> <span class='ocrx_word' id='word_1_243' title='bbox 767 2130 806 2160; x_wconf 86' lang='lat' dir='ltr'>ad</span> 
     </span>
     <span class='ocr_line' id='line_1_48' title="bbox 164 2167 805 2213; baseline 0.008 -15"><span class='ocrx_word' id='word_1_244' title='bbox 164 2167 205 2199; x_wconf 84' lang='lat'>11.</span> <span class='ocrx_word' id='word_1_245' title='bbox 222 2170 286 2200; x_wconf 84' lang='lat' dir='ltr'>viii.</span> <span class='ocrx_word' id='word_1_246' title='bbox 302 2181 333 2211; x_wconf 88' lang='lat' dir='ltr'>p.</span> <span class='ocrx_word' id='word_1_247' title='bbox 349 2174 423 2204; x_wconf 74' lang='lat'>723.</span> <span class='ocrx_word' id='word_1_248' title='bbox 440 2176 493 2203; x_wconf 88' lang='grc'>55.</span> <span class='ocrx_word' id='word_1_249' title='bbox 517 2172 608 2213; x_wconf 83' lang='lat' dir='ltr'>cujus</span> <span class='ocrx_word' id='word_1_250' title='bbox 623 2173 712 2203; x_wconf 77' lang='lat' dir='ltr'>verba</span> <span class='ocrx_word' id='word_1_251' title='bbox 729 2173 805 2203; x_wconf 77' lang='lat' dir='ltr'>cita-</span> 
     </span>
     <span class='ocr_line' id='line_1_49' title="bbox 165 2212 807 2256; baseline 0.012 -17"><span class='ocrx_word' id='word_1_252' title='bbox 165 2212 212 2241; x_wconf 80' lang='lat' dir='ltr'>vit</span> <span class='ocrx_word' id='word_1_253' title='bbox 235 2212 392 2250; x_wconf 76' lang='lat' dir='ltr'>Matthiae,</span> <span class='ocrx_word' id='word_1_254' title='bbox 417 2215 529 2246; x_wconf 86' lang='lat' dir='ltr'>eodem</span> <span class='ocrx_word' id='word_1_255' title='bbox 548 2215 642 2246; x_wconf 88' lang='lat' dir='ltr'>modo</span> <span class='ocrx_word' id='word_1_256' title='bbox 667 2226 722 2256; x_wconf 84' lang='lat' dir='ltr'>pro</span> <span class='ocrx_word' id='word_1_257' title='bbox 737 2217 807 2247; x_wconf 74' lang='grc' dir='ltr'><em>ἄδο-</em></span> 
     </span>
     <span class='ocr_line' id='line_1_50' title="bbox 165 2254 808 2297; baseline 0.008 -13"><span class='ocrx_word' id='word_1_258' title='bbox 165 2254 300 2292; x_wconf 79' lang='grc' dir='ltr'><em>ξούντων</em></span> <span class='ocrx_word' id='word_1_259' title='bbox 321 2258 427 2297; x_wconf 86' lang='lat' dir='ltr'>posuit</span> <span class='ocrx_word' id='word_1_260' title='bbox 447 2258 489 2297; x_wconf 82' lang='grc' dir='ltr'>μὴ</span> <span class='ocrx_word' id='word_1_261' title='bbox 505 2258 688 2290; x_wconf 83' lang='grc' dir='ltr'><em>δοκούντων.</em></span> <span class='ocrx_word' id='word_1_262' title='bbox 736 2259 808 2289; x_wconf 88' lang='lat' dir='ltr'>Per-</span> 
     </span>
     <span class='ocr_line' id='line_1_51' title="bbox 166 2299 804 2342; baseline 0.011 -16"><span class='ocrx_word' id='word_1_263' title='bbox 166 2307 250 2328; x_wconf 84' lang='lat' dir='ltr'>rarus</span> <span class='ocrx_word' id='word_1_264' title='bbox 277 2299 326 2330; x_wconf 79' lang='lat' dir='ltr'>hic</span> <span class='ocrx_word' id='word_1_265' title='bbox 350 2312 422 2331; x_wconf 87' lang='lat' dir='ltr'>usus</span> <span class='ocrx_word' id='word_1_266' title='bbox 444 2307 493 2332; x_wconf 67' lang='lat' dir='ltr'>est</span> <span class='ocrx_word' id='word_1_267' title='bbox 516 2302 672 2342; x_wconf 72' lang='lat' dir='ltr'>participii</span> <span class='ocrx_word' id='word_1_268' title='bbox 697 2302 804 2333; x_wconf 80' lang='grc' dir='ltr'><em>δοκῶν·</em></span> 
     </span>
     <span class='ocr_line' id='line_1_52' title="bbox 166 2342 807 2385; baseline 0.009 -16"><span class='ocrx_word' id='word_1_269' title='bbox 166 2350 239 2370; x_wconf 82' lang='lat' dir='ltr'>nam</span> <span class='ocrx_word' id='word_1_270' title='bbox 253 2342 353 2372; x_wconf 86' lang='lat' dir='ltr'>solum</span> <span class='ocrx_word' id='word_1_271' title='bbox 368 2345 568 2385; x_wconf 79' lang='lat' dir='ltr'>participium</span> <span class='ocrx_word' id='word_1_272' title='bbox 584 2345 626 2376; x_wconf 79' lang='lat' dir='ltr'>sic</span> <span class='ocrx_word' id='word_1_273' title='bbox 643 2345 706 2375; x_wconf 84' lang='lat' dir='ltr'>dici</span> <span class='ocrx_word' id='word_1_274' title='bbox 719 2351 807 2385; x_wconf 86' lang='lat' dir='ltr'>puto.</span> 
     </span>
     <span class='ocr_line' id='line_1_53' title="bbox 167 2383 807 2428; baseline 0.008 -15"><span class='ocrx_word' id='word_1_275' title='bbox 167 2383 218 2414; x_wconf 79' lang='lat' dir='ltr'>Sic</span> <span class='ocrx_word' id='word_1_276' title='bbox 233 2385 334 2415; x_wconf 88' lang='lat' dir='ltr'>solum</span> <span class='ocrx_word' id='word_1_277' title='bbox 348 2388 546 2428; x_wconf 71' lang='lat' dir='ltr'>participium</span> <span class='ocrx_word' id='word_1_278' title='bbox 564 2386 658 2428; x_wconf 80' lang='grc' dir='ltr'><em>ἔχων,</em></span> <span class='ocrx_word' id='word_1_279' title='bbox 681 2388 737 2417; x_wconf 86' lang='lat' dir='ltr'>sed</span> <span class='ocrx_word' id='word_1_280' title='bbox 750 2398 807 2418; x_wconf 79' lang='lat' dir='ltr'>usu</span> 
     </span>
     <span class='ocr_line' id='line_1_54' title="bbox 167 2426 808 2469; baseline 0.009 -14"><span class='ocrx_word' id='word_1_281' title='bbox 167 2426 241 2456; x_wconf 82' lang='lat' dir='ltr'>satis</span> <span class='ocrx_word' id='word_1_282' title='bbox 263 2428 470 2469; x_wconf 85' lang='lat' dir='ltr'>frequentato,</span> <span class='ocrx_word' id='word_1_283' title='bbox 498 2430 613 2461; x_wconf 85' lang='lat' dir='ltr'>dicitur</span> <span class='ocrx_word' id='word_1_284' title='bbox 633 2432 673 2460; x_wconf 85' lang='lat' dir='ltr'>de</span> <span class='ocrx_word' id='word_1_285' title='bbox 699 2430 808 2461; x_wconf 78' lang='lat' dir='ltr'>divite.</span> 
     </span>
     <span class='ocr_line' id='line_1_55' title="bbox 167 2469 809 2514; baseline 0.006 -15"><span class='ocrx_word' id='word_1_286' title='bbox 167 2469 297 2501; x_wconf 75' lang='lat' dir='ltr'>Scilicet</span> <span class='ocrx_word' id='word_1_287' title='bbox 318 2473 491 2513; x_wconf 84' lang='lat' dir='ltr'>participia,</span> <span class='ocrx_word' id='word_1_288' title='bbox 515 2474 640 2514; x_wconf 80' lang='lat' dir='ltr'>quando</span> <span class='ocrx_word' id='word_1_289' title='bbox 655 2473 723 2503; x_wconf 81' lang='lat' dir='ltr'>vice</span> <span class='ocrx_word' id='word_1_290' title='bbox 739 2474 809 2503; x_wconf 88' lang='lat' dir='ltr'>fun-</span> 
     </span>
     <span class='ocr_line' id='line_1_56' title="bbox 169 2514 809 2557; baseline 0.006 -15"><span class='ocrx_word' id='word_1_291' title='bbox 169 2518 281 2553; x_wconf 79' lang='lat' dir='ltr'>guntur</span> <span class='ocrx_word' id='word_1_292' title='bbox 295 2514 526 2555; x_wconf 81' lang='lat' dir='ltr'>adjectivorum,</span> <span class='ocrx_word' id='word_1_293' title='bbox 551 2525 568 2545; x_wconf 88' lang='lat' dir='ltr'>a</span> <span class='ocrx_word' id='word_1_294' title='bbox 583 2516 809 2557; x_wconf 77' lang='lat' dir='ltr'>significatione</span> 
     </span>
     <span class='ocr_line' id='line_1_57' title="bbox 169 2556 812 2596; baseline 0.006 -12"><span class='ocrx_word' id='word_1_295' title='bbox 169 2556 288 2596; x_wconf 74' lang='lat' dir='ltr'>vulgari</span> <span class='ocrx_word' id='word_1_296' title='bbox 318 2558 477 2588; x_wconf 87' lang='lat' dir='ltr'>verborum</span> <span class='ocrx_word' id='word_1_297' title='bbox 507 2568 632 2590; x_wconf 84' lang='lat' dir='ltr'>suorum</span> <span class='ocrx_word' id='word_1_298' title='bbox 667 2558 812 2589; x_wconf 82' lang='lat' dir='ltr'>nonnihil</span> 
     </span>
    </p>
   </div>
   <div class='ocr_carea' id='block_1_16' title="bbox 169 2597 546 2642">
    <p class='ocr_par' dir='ltr' id='par_1_18' title="bbox 169 2597 546 2642">
     <span class='ocr_line' id='line_1_58' title="bbox 169 2597 546 2642; baseline 0.005 -14"><span class='ocrx_word' id='word_1_299' title='bbox 169 2597 350 2631; x_wconf 71' lang='lat' dir='ltr'>deflectunt.</span> <span class='ocrx_word' id='word_1_300' title='bbox 375 2602 417 2632; x_wconf 87' lang='lat' dir='ltr'>G.</span> <span class='ocrx_word' id='word_1_301' title='bbox 434 2601 480 2632; x_wconf 84' lang='lat' dir='ltr'>H.</span> <span class='ocrx_word' id='word_1_302' title='bbox 496 2600 546 2642; x_wconf 87' lang='lat' dir='ltr'>S.]</span> 
     </span>
    </p>
   </div>
   <div class='ocr_carea' id='block_1_17' title="bbox 841 1012 1499 2601">
    <p class='ocr_par' dir='ltr' id='par_1_19' title="bbox 841 1012 1491 1612">
     <span class='ocr_line' id='line_1_59' title="bbox 885 1012 1486 1045; baseline -0.002 -1"><span class='ocrx_word' id='word_1_303' title='bbox 885 1015 961 1044; x_wconf 84' lang='lat'>296.</span> <span class='ocrx_word' id='word_1_304' title='bbox 985 1013 1053 1045; x_wconf 80' lang='grc' dir='ltr'>Οὐκ</span> <span class='ocrx_word' id='word_1_305' title='bbox 1068 1012 1156 1045; x_wconf 78' lang='grc' dir='ltr'><em>ἔστιν</em></span> <span class='ocrx_word' id='word_1_306' title='bbox 1169 1013 1246 1044; x_wconf 89' lang='lat' dir='ltr'>Ald.</span> <span class='ocrx_word' id='word_1_307' title='bbox 1262 1019 1293 1044; x_wconf 89' lang='lat' dir='ltr'>et</span> <span class='ocrx_word' id='word_1_308' title='bbox 1310 1013 1389 1044; x_wconf 87' lang='lat' dir='ltr'>Mss.</span> <span class='ocrx_word' id='word_1_309' title='bbox 1424 1012 1486 1044; x_wconf 85' lang='lat' dir='ltr'>Sed</span> 
     </span>
     <span class='ocr_line' id='line_1_60' title="bbox 841 1055 1486 1097; baseline 0 -10"><span class='ocrx_word' id='word_1_310' title='bbox 841 1055 894 1087; x_wconf 87' lang='grc' dir='ltr'>Τίς</span> <span class='ocrx_word' id='word_1_311' title='bbox 910 1056 1004 1086; x_wconf 85' lang='lat' dir='ltr'>habet</span> <span class='ocrx_word' id='word_1_312' title='bbox 1029 1056 1198 1097; x_wconf 84' lang='lat' dir='ltr'>Gregorius</span> <span class='ocrx_word' id='word_1_313' title='bbox 1213 1058 1253 1087; x_wconf 87' lang='lat' dir='ltr'>de</span> <span class='ocrx_word' id='word_1_314' title='bbox 1277 1056 1432 1087; x_wconf 83' lang='lat' dir='ltr'>Dialectis</span> <span class='ocrx_word' id='word_1_315' title='bbox 1454 1066 1486 1096; x_wconf 89' lang='lat' dir='ltr'>p.</span> 
     </span>
     <span class='ocr_line' id='line_1_61' title="bbox 843 1099 1489 1141; baseline -0.003 -10"><span class='ocrx_word' id='word_1_316' title='bbox 843 1102 896 1131; x_wconf 83' lang='lat'>26.</span> <span class='ocrx_word' id='word_1_317' title='bbox 943 1099 1062 1141; x_wconf 84' lang='lat' dir='ltr'>[Miror</span> <span class='ocrx_word' id='word_1_318' title='bbox 1074 1099 1253 1131; x_wconf 89' lang='lat' dir='ltr'>Graeculum</span> <span class='ocrx_word' id='word_1_319' title='bbox 1268 1099 1308 1141; x_wconf 84' lang='lat'>(“</span> <span class='ocrx_word' id='word_1_320' title='bbox 1320 1099 1414 1130; x_wconf 85' lang='lat' dir='ltr'>Tanti</span> <span class='ocrx_word' id='word_1_321' title='bbox 1425 1107 1489 1130; x_wconf 84' lang='lat' dir='ltr'>non</span> 
     </span>
     <span class='ocr_line' id='line_1_62' title="bbox 844 1141 1488 1184; baseline -0.002 -12"><span class='ocrx_word' id='word_1_322' title='bbox 844 1147 891 1172; x_wconf 85' lang='lat' dir='ltr'>est</span> <span class='ocrx_word' id='word_1_323' title='bbox 920 1142 981 1173; x_wconf 83' lang='lat' dir='ltr'>iste</span> <span class='ocrx_word' id='word_1_324' title='bbox 1012 1143 1165 1178; x_wconf 86' lang='lat' dir='ltr'>tenebrio,</span> <span class='ocrx_word' id='word_1_325' title='bbox 1199 1142 1286 1184; x_wconf 86' lang='lat' dir='ltr'>cujus</span> <span class='ocrx_word' id='word_1_326' title='bbox 1317 1142 1380 1172; x_wconf 90' lang='lat' dir='ltr'>ulla</span> <span class='ocrx_word' id='word_1_327' title='bbox 1409 1141 1488 1172; x_wconf 83' lang='lat' dir='ltr'>ratio</span> 
     </span>
     <span class='ocr_line' id='line_1_63' title="bbox 842 1185 1489 1227; baseline -0.002 -12"><span class='ocrx_word' id='word_1_328' title='bbox 842 1185 1023 1216; x_wconf 84' lang='lat' dir='ltr'>habeatur.”</span> <span class='ocrx_word' id='word_1_329' title='bbox 1064 1186 1230 1227; x_wconf 75' lang='lat' dir='ltr'>Toupius.)</span> <span class='ocrx_word' id='word_1_330' title='bbox 1252 1185 1431 1215; x_wconf 80' lang='lat' dir='ltr'>memoriter</span> <span class='ocrx_word' id='word_1_331' title='bbox 1445 1185 1489 1215; x_wconf 88' lang='lat' dir='ltr'>ci-</span> 
     </span>
     <span class='ocr_line' id='line_1_64' title="bbox 842 1228 1489 1270; baseline -0.002 -12"><span class='ocrx_word' id='word_1_332' title='bbox 842 1233 960 1259; x_wconf 84' lang='lat' dir='ltr'>tantem</span> <span class='ocrx_word' id='word_1_333' title='bbox 983 1233 1079 1260; x_wconf 79' lang='lat' dir='ltr'>tantae</span> <span class='ocrx_word' id='word_1_334' title='bbox 1104 1230 1186 1270; x_wconf 88' lang='lat' dir='ltr'>apud</span> <span class='ocrx_word' id='word_1_335' title='bbox 1215 1228 1390 1259; x_wconf 88' lang='lat' dir='ltr'>Porsonum</span> <span class='ocrx_word' id='word_1_336' title='bbox 1414 1237 1489 1258; x_wconf 83' lang='lat' dir='ltr'>auc-</span> 
     </span>
     <span class='ocr_line' id='line_1_65' title="bbox 844 1271 1489 1310; baseline 0 -8"><span class='ocrx_word' id='word_1_337' title='bbox 844 1271 977 1302; x_wconf 70' lang='lat' dir='ltr'>toritatis</span> <span class='ocrx_word' id='word_1_338' title='bbox 995 1271 1102 1302; x_wconf 82' lang='lat' dir='ltr'>fuisse.</span> <span class='ocrx_word' id='word_1_339' title='bbox 1146 1271 1237 1302; x_wconf 85' lang='lat' dir='ltr'>Talia</span> <span class='ocrx_word' id='word_1_340' title='bbox 1259 1271 1344 1302; x_wconf 87' lang='lat' dir='ltr'>enim</span> <span class='ocrx_word' id='word_1_341' title='bbox 1366 1271 1489 1310; x_wconf 83' lang='grc' dir='ltr'><em>ἆποφα·</em></span> 
     </span>
     <span class='ocr_line' id='line_1_66' title="bbox 843 1313 1490 1355; baseline -0.002 -11"><span class='ocrx_word' id='word_1_342' title='bbox 843 1316 936 1346; x_wconf 59' lang='lat' dir='ltr'>»renos</span> <span class='ocrx_word' id='word_1_343' title='bbox 951 1314 1038 1346; x_wconf 85' lang='lat' dir='ltr'>dicas</span> <span class='ocrx_word' id='word_1_344' title='bbox 1050 1325 1089 1345; x_wconf 82' lang='lat' dir='ltr'>an</span> <span class='ocrx_word' id='word_1_345' title='bbox 1101 1316 1347 1355; x_wconf 80' lang='grc' dir='ltr'><em>ἐρωτηματικῶς,</em></span> <span class='ocrx_word' id='word_1_346' title='bbox 1362 1323 1435 1345; x_wconf 88' lang='lat' dir='ltr'>cum</span> <span class='ocrx_word' id='word_1_347' title='bbox 1448 1313 1490 1344; x_wconf 83' lang='lat' dir='ltr'>ad</span> 
     </span>
     <span class='ocr_line' id='line_1_67' title="bbox 843 1358 1489 1399; baseline -0.002 -12"><span class='ocrx_word' id='word_1_348' title='bbox 843 1367 970 1387; x_wconf 80' lang='lat' dir='ltr'>sensum</span> <span class='ocrx_word' id='word_1_349' title='bbox 982 1358 1031 1388; x_wconf 79' lang='lat' dir='ltr'>vix</span> <span class='ocrx_word' id='word_1_350' title='bbox 1047 1358 1213 1399; x_wconf 86' lang='lat' dir='ltr'>quicquam</span> <span class='ocrx_word' id='word_1_351' title='bbox 1226 1358 1358 1392; x_wconf 83' lang='lat' dir='ltr'>intersit,</span> <span class='ocrx_word' id='word_1_352' title='bbox 1371 1364 1489 1387; x_wconf 86' lang='lat' dir='ltr'>memo-</span> 
     </span>
     <span class='ocr_line' id='line_1_68' title="bbox 844 1397 1489 1433; baseline -0.002 -3"><span class='ocrx_word' id='word_1_353' title='bbox 844 1401 888 1430; x_wconf 88' lang='lat' dir='ltr'>ria</span> <span class='ocrx_word' id='word_1_354' title='bbox 903 1401 1029 1431; x_wconf 84' lang='lat' dir='ltr'>citantis</span> <span class='ocrx_word' id='word_1_355' title='bbox 1043 1402 1191 1433; x_wconf 82' lang='lat' dir='ltr'>facillime</span> <span class='ocrx_word' id='word_1_356' title='bbox 1207 1400 1328 1432; x_wconf 83' lang='lat' dir='ltr'>labitur.</span> <span class='ocrx_word' id='word_1_357' title='bbox 1359 1399 1411 1431; x_wconf 85' lang='lat' dir='ltr'>Cf.</span> <span class='ocrx_word' id='word_1_358' title='bbox 1425 1397 1489 1429; x_wconf 89' lang='lat' dir='ltr'>Xe·</span> 
     </span>
     <span class='ocr_line' id='line_1_69' title="bbox 843 1441 1490 1484; baseline -0.002 -12"><span class='ocrx_word' id='word_1_359' title='bbox 843 1444 939 1484; x_wconf 90' lang='lat' dir='ltr'>noph.</span> <span class='ocrx_word' id='word_1_360' title='bbox 955 1443 1067 1475; x_wconf 89' lang='lat' dir='ltr'>OEcon.</span> <span class='ocrx_word' id='word_1_361' title='bbox 1083 1447 1116 1476; x_wconf 87' lang='grc'>2.</span> <span class='ocrx_word' id='word_1_362' title='bbox 1129 1448 1181 1475; x_wconf 89' lang='grc'>15.</span> <span class='ocrx_word' id='word_1_363' title='bbox 1195 1444 1251 1474; x_wconf 80' lang='lat' dir='ltr'>ubi</span> <span class='ocrx_word' id='word_1_364' title='bbox 1262 1447 1395 1483; x_wconf 84' lang='lat' dir='ltr'>utraque</span> <span class='ocrx_word' id='word_1_365' title='bbox 1409 1441 1490 1472; x_wconf 84' lang='lat' dir='ltr'>ratio</span> 
     </span>
     <span class='ocr_line' id='line_1_70' title="bbox 843 1484 1490 1517; baseline 0 -2"><span class='ocrx_word' id='word_1_366' title='bbox 843 1487 932 1516; x_wconf 86' lang='lat' dir='ltr'>nullo</span> <span class='ocrx_word' id='word_1_367' title='bbox 957 1497 1064 1517; x_wconf 84' lang='lat' dir='ltr'>sensus</span> <span class='ocrx_word' id='word_1_368' title='bbox 1086 1486 1264 1517; x_wconf 85' lang='lat' dir='ltr'>discrimine</span> <span class='ocrx_word' id='word_1_369' title='bbox 1287 1485 1420 1516; x_wconf 80' lang='lat' dir='ltr'>obtinet.</span> <span class='ocrx_word' id='word_1_370' title='bbox 1445 1484 1490 1515; x_wconf 90' lang='lat' dir='ltr'>G.</span> 
     </span>
     <span class='ocr_line' id='line_1_71' title="bbox 846 1526 1491 1570; baseline -0.005 -11"><span class='ocrx_word' id='word_1_371' title='bbox 846 1529 894 1559; x_wconf 90' lang='lat' dir='ltr'>H.</span> <span class='ocrx_word' id='word_1_372' title='bbox 911 1529 965 1570; x_wconf 81' lang='lat' dir='ltr'>S.]</span> <span class='ocrx_word' id='word_1_373' title='bbox 990 1528 1080 1569; x_wconf 81' lang='lat' dir='ltr'>Saepe</span> <span class='ocrx_word' id='word_1_374' title='bbox 1101 1528 1356 1569; x_wconf 81' lang='lat' dir='ltr'>interrogativam</span> <span class='ocrx_word' id='word_1_375' title='bbox 1370 1526 1491 1568; x_wconf 85' lang='lat' dir='ltr'>expulit</span> 
     </span>
     <span class='ocr_line' id='line_1_72' title="bbox 843 1570 1372 1612; baseline -0.002 -11"><span class='ocrx_word' id='word_1_376' title='bbox 843 1571 1001 1612; x_wconf 80' lang='lat' dir='ltr'>negativa.</span> <span class='ocrx_word' id='word_1_377' title='bbox 1026 1571 1109 1602; x_wconf 86' lang='lat' dir='ltr'>Vide</span> <span class='ocrx_word' id='word_1_378' title='bbox 1125 1570 1167 1601; x_wconf 87' lang='lat' dir='ltr'>ad</span> <span class='ocrx_word' id='word_1_379' title='bbox 1181 1571 1284 1602; x_wconf 84' lang='lat' dir='ltr'>Orest.</span> <span class='ocrx_word' id='word_1_380' title='bbox 1295 1573 1372 1602; x_wconf 78' lang='lat'>792.</span> 
     </span>
    </p>

    <p class='ocr_par' dir='ltr' id='par_1_20' title="bbox 846 1611 1499 2601">
     <span class='ocr_line' id='line_1_73' title="bbox 887 1611 1491 1656; baseline -0.003 -11"><span class='ocrx_word' id='word_1_381' title='bbox 887 1617 962 1645; x_wconf 81' lang='lat'>298.</span> <span class='ocrx_word' id='word_1_382' title='bbox 977 1614 1083 1645; x_wconf 86' lang='lat' dir='ltr'>Primo</span> <span class='ocrx_word' id='word_1_383' title='bbox 1091 1613 1223 1656; x_wconf 82' lang='grc' dir='ltr'><em>θρήνοις,</em></span> <span class='ocrx_word' id='word_1_384' title='bbox 1232 1613 1347 1645; x_wconf 81' lang='lat' dir='ltr'>deinde</span> <span class='ocrx_word' id='word_1_385' title='bbox 1353 1611 1491 1652; x_wconf 73' lang='grc' dir='ltr'><em>Ὑλήνους</em></span> 
     </span>
     <span class='ocr_line' id='line_1_74' title="bbox 849 1655 1490 1699; baseline -0.003 -12"><span class='ocrx_word' id='word_1_386' title='bbox 849 1657 978 1699; x_wconf 87' lang='lat' dir='ltr'>conjicit</span> <span class='ocrx_word' id='word_1_387' title='bbox 1013 1657 1223 1698; x_wconf 83' lang='lat' dir='ltr'>Musgravius.</span> <span class='ocrx_word' id='word_1_388' title='bbox 1281 1655 1371 1686; x_wconf 85' lang='lat' dir='ltr'>Nihil</span> <span class='ocrx_word' id='word_1_389' title='bbox 1401 1665 1490 1696; x_wconf 82' lang='lat' dir='ltr'>opus.</span> 
     </span>
     <span class='ocr_line' id='line_1_75' title="bbox 848 1698 1491 1742; baseline -0.003 -12"><span class='ocrx_word' id='word_1_390' title='bbox 848 1699 940 1730; x_wconf 89' lang='lat' dir='ltr'>Tales</span> <span class='ocrx_word' id='word_1_391' title='bbox 955 1700 1128 1741; x_wconf 67' lang='lat' dir='ltr'>pleonasmi</span> <span class='ocrx_word' id='word_1_392' title='bbox 1141 1699 1225 1742; x_wconf 87' lang='lat' dir='ltr'>apud</span> <span class='ocrx_word' id='word_1_393' title='bbox 1233 1699 1383 1740; x_wconf 85' lang='lat' dir='ltr'>Tragicos</span> <span class='ocrx_word' id='word_1_394' title='bbox 1393 1698 1491 1729; x_wconf 84' lang='lat' dir='ltr'>abun·</span> 
     </span>
     <span class='ocr_line' id='line_1_76' title="bbox 849 1741 1493 1783; baseline -0.003 -11"><span class='ocrx_word' id='word_1_395' title='bbox 849 1741 925 1773; x_wconf 87' lang='lat' dir='ltr'>dant</span> <span class='ocrx_word' id='word_1_396' title='bbox 948 1748 980 1773; x_wconf 87' lang='lat' dir='ltr'>et</span> <span class='ocrx_word' id='word_1_397' title='bbox 1004 1743 1163 1775; x_wconf 83' lang='lat' dir='ltr'>interdum</span> <span class='ocrx_word' id='word_1_398' title='bbox 1185 1743 1428 1783; x_wconf 85' lang='lat' dir='ltr'>reciprocantur,</span> <span class='ocrx_word' id='word_1_399' title='bbox 1458 1746 1493 1771; x_wconf 85' lang='lat' dir='ltr'>ut</span> 
     </span>
     <span class='ocr_line' id='line_1_77' title="bbox 847 1784 1492 1823; baseline -0.003 -7"><span class='ocrx_word' id='word_1_400' title='bbox 847 1785 963 1816; x_wconf 81' lang='lat' dir='ltr'>Noster</span> <span class='ocrx_word' id='word_1_401' title='bbox 991 1785 1108 1816; x_wconf 89' lang='lat' dir='ltr'>Troad.</span> <span class='ocrx_word' id='word_1_402' title='bbox 1145 1787 1221 1817; x_wconf 84' lang='lat'>609.</span> <span class='ocrx_word' id='word_1_403' title='bbox 1258 1785 1340 1815; x_wconf 77' lang='lat' dir='ltr'>dixit</span> <span class='ocrx_word' id='word_1_404' title='bbox 1375 1784 1492 1823; x_wconf 80' lang='grc' dir='ltr'><em>θρήνων</em></span> 
     </span>
     <span class='ocr_line' id='line_1_78' title="bbox 847 1826 1492 1870; baseline -0.003 -10"><span class='ocrx_word' id='word_1_405' title='bbox 847 1827 982 1870; x_wconf 82' lang='grc' dir='ltr'><em>ὄδυρμοί.</em></span> <span class='ocrx_word' id='word_1_406' title='bbox 1026 1829 1078 1859; x_wconf 84' lang='lat' dir='ltr'>Sic</span> <span class='ocrx_word' id='word_1_407' title='bbox 1108 1828 1215 1860; x_wconf 77' lang='grc' dir='ltr'><em>κοίτας</em></span> <span class='ocrx_word' id='word_1_408' title='bbox 1242 1826 1492 1868; x_wconf 71' lang='grc' dir='ltr'><strong>λέισνρον.Μθά.</strong></span> 
     </span>
     <span class='ocr_line' id='line_1_79' title="bbox 846 1869 1493 1913; baseline -0.005 -10"><span class='ocrx_word' id='word_1_409' title='bbox 846 1875 922 1903; x_wconf 81' lang='grc'><strong>436.</strong></span> <span class='ocrx_word' id='word_1_410' title='bbox 941 1871 1080 1913; x_wconf 83' lang='grc' dir='ltr'><em>λέκτρων</em></span> <span class='ocrx_word' id='word_1_411' title='bbox 1094 1871 1201 1903; x_wconf 84' lang='grc' dir='ltr'><em>κοίτας</em></span> <span class='ocrx_word' id='word_1_412' title='bbox 1218 1870 1291 1902; x_wconf 86' lang='lat' dir='ltr'>Alc.</span> <span class='ocrx_word' id='word_1_413' title='bbox 1307 1873 1384 1902; x_wconf 82' lang='lat'>946.</span> <span class='ocrx_word' id='word_1_414' title='bbox 1422 1869 1493 1901; x_wconf 85' lang='lat' dir='ltr'>Sin-</span> 
     </span>
     <span class='ocr_line' id='line_1_80' title="bbox 850 1913 1493 1955; baseline -0.003 -10"><span class='ocrx_word' id='word_1_415' title='bbox 850 1916 957 1955; x_wconf 83' lang='lat' dir='ltr'>gulare</span> <span class='ocrx_word' id='word_1_416' title='bbox 974 1919 1022 1945; x_wconf 86' lang='lat' dir='ltr'>est</span> <span class='ocrx_word' id='word_1_417' title='bbox 1036 1915 1245 1955; x_wconf 78' lang='lat' dir='ltr'>Sophocleum</span> <span class='ocrx_word' id='word_1_418' title='bbox 1262 1913 1339 1944; x_wconf 86' lang='lat' dir='ltr'>Ant.</span> <span class='ocrx_word' id='word_1_419' title='bbox 1354 1915 1430 1944; x_wconf 77' lang='lat'>424.</span> <span class='ocrx_word' id='word_1_420' title='bbox 1453 1913 1493 1944; x_wconf 81' lang='grc' dir='ltr'>ὣς</span> 
     </span>
     <span class='ocr_line' id='line_1_81' title="bbox 851 1955 1495 1997; baseline 0 -10"><span class='ocrx_word' id='word_1_421' title='bbox 851 1957 928 1988; x_wconf 80' lang='grc' dir='ltr'><em>ὅταν</em></span> <span class='ocrx_word' id='word_1_422' title='bbox 954 1959 1046 1994; x_wconf 82' lang='grc' dir='ltr'><em>κενῆς</em></span> <span class='ocrx_word' id='word_1_423' title='bbox 1070 1958 1168 1995; x_wconf 84' lang='grc' dir='ltr'><em>Εῧνῆς</em></span> <span class='ocrx_word' id='word_1_424' title='bbox 1194 1958 1334 1989; x_wconf 76' lang='grc' dir='ltr'><em>νεοσσῶν</em></span> <span class='ocrx_word' id='word_1_425' title='bbox 1359 1955 1495 1997; x_wconf 81' lang='grc' dir='ltr'><em>ὀρφανὸν</em></span> 
     </span>
     <span class='ocr_line' id='line_1_82' title="bbox 850 1999 1496 2043; baseline -0.005 -11"><span class='ocrx_word' id='word_1_426' title='bbox 850 2000 956 2043; x_wconf 80' lang='grc' dir='ltr'>βλέψῃ</span> <span class='ocrx_word' id='word_1_427' title='bbox 972 2000 1082 2040; x_wconf 80' lang='grc' dir='ltr'><strong>λέχος.</strong></span> <span class='ocrx_word' id='word_1_428' title='bbox 1108 2001 1264 2032; x_wconf 66' lang='lat' dir='ltr'>Praeterea</span> <span class='ocrx_word' id='word_1_429' title='bbox 1277 1999 1416 2040; x_wconf 68' lang='grc' dir='ltr'><em>’γλήνονς</em></span> <span class='ocrx_word' id='word_1_430' title='bbox 1430 2008 1496 2029; x_wconf 89' lang='lat' dir='ltr'>me-</span> 
     </span>
     <span class='ocr_line' id='line_1_83' title="bbox 848 2043 1493 2075; baseline -0.003 -1"><span class='ocrx_word' id='word_1_431' title='bbox 848 2050 928 2075; x_wconf 84' lang='lat' dir='ltr'>tmm</span> <span class='ocrx_word' id='word_1_432' title='bbox 959 2045 1091 2074; x_wconf 86' lang='lat' dir='ltr'>vitiaret.</span> <span class='ocrx_word' id='word_1_433' title='bbox 1147 2043 1313 2074; x_wconf 85' lang='lat' dir='ltr'>Dawesius</span> <span class='ocrx_word' id='word_1_434' title='bbox 1341 2051 1493 2073; x_wconf 85' lang='lat' dir='ltr'>canonem</span> 
     </span>
     <span class='ocr_line' id='line_1_84' title="bbox 850 2085 1494 2127; baseline -0.003 -11"><span class='ocrx_word' id='word_1_435' title='bbox 850 2087 956 2127; x_wconf 82' lang='lat' dir='ltr'>paullo</span> <span class='ocrx_word' id='word_1_436' title='bbox 967 2087 1124 2123; x_wconf 77' lang='lat' dir='ltr'>temerius,</span> <span class='ocrx_word' id='word_1_437' title='bbox 1139 2092 1175 2117; x_wconf 87' lang='lat' dir='ltr'>ut</span> <span class='ocrx_word' id='word_1_438' title='bbox 1189 2087 1279 2122; x_wconf 84' lang='lat' dir='ltr'>solet,</span> <span class='ocrx_word' id='word_1_439' title='bbox 1291 2085 1411 2121; x_wconf 79' lang='lat' dir='ltr'>statuit,</span> <span class='ocrx_word' id='word_1_440' title='bbox 1425 2086 1494 2115; x_wconf 89' lang='lat' dir='ltr'>nul-</span> 
     </span>
     <span class='ocr_line' id='line_1_85' title="bbox 850 2128 1495 2172; baseline -0.005 -12"><span class='ocrx_word' id='word_1_441' title='bbox 850 2130 910 2161; x_wconf 81' lang='lat' dir='ltr'>lam</span> <span class='ocrx_word' id='word_1_442' title='bbox 927 2130 1080 2172; x_wconf 70' lang='lat' dir='ltr'>syllabam</span> <span class='ocrx_word' id='word_1_443' title='bbox 1097 2140 1115 2160; x_wconf 93' lang='lat' dir='ltr'>a</span> <span class='ocrx_word' id='word_1_444' title='bbox 1130 2129 1226 2170; x_wconf 64' lang='lat' dir='ltr'>poeta</span> <span class='ocrx_word' id='word_1_445' title='bbox 1240 2129 1365 2160; x_wconf 85' lang='lat' dir='ltr'>scenico</span> <span class='ocrx_word' id='word_1_446' title='bbox 1380 2128 1495 2168; x_wconf 84' lang='lat' dir='ltr'>corripi</span> 
     </span>
     <span class='ocr_line' id='line_1_86' title="bbox 850 2173 1496 2214; baseline -0.005 -11"><span class='ocrx_word' id='word_1_447' title='bbox 850 2183 952 2214; x_wconf 81' lang='lat' dir='ltr'>posse,</span> <span class='ocrx_word' id='word_1_448' title='bbox 969 2173 1002 2203; x_wconf 90' lang='lat' dir='ltr'>in</span> <span class='ocrx_word' id='word_1_449' title='bbox 1018 2183 1078 2214; x_wconf 89' lang='lat' dir='ltr'>qua</span> <span class='ocrx_word' id='word_1_450' title='bbox 1094 2177 1278 2204; x_wconf 85' lang='lat' dir='ltr'>concurrant</span> <span class='ocrx_word' id='word_1_451' title='bbox 1289 2175 1496 2202; x_wconf 82' lang='lat' dir='ltr'>consonantes</span> 
     </span>
     <span class='ocr_line' id='line_1_87' title="bbox 851 2214 1494 2255; baseline -0.005 -9"><span class='ocrx_word' id='word_1_452' title='bbox 851 2218 908 2252; x_wconf 77' lang='grc' dir='ltr'>βλ,</span> <span class='ocrx_word' id='word_1_453' title='bbox 925 2222 980 2255; x_wconf 74' lang='grc' dir='ltr'>Ὑλ,</span> <span class='ocrx_word' id='word_1_454' title='bbox 996 2227 1052 2255; x_wconf 78' lang='grc' dir='ltr'>Ύμ,</span> <span class='ocrx_word' id='word_1_455' title='bbox 1068 2227 1119 2255; x_wconf 73' lang='grc' dir='ltr'>γν,</span> <span class='ocrx_word' id='word_1_456' title='bbox 1136 2218 1187 2255; x_wconf 82' lang='grc' dir='ltr'>δμ,</span> <span class='ocrx_word' id='word_1_457' title='bbox 1201 2217 1246 2246; x_wconf 86' lang='grc' dir='ltr'><strong>δν.</strong></span> <span class='ocrx_word' id='word_1_458' title='bbox 1283 2215 1362 2245; x_wconf 87' lang='lat' dir='ltr'>Haee</span> <span class='ocrx_word' id='word_1_459' title='bbox 1375 2214 1494 2254; x_wconf 77' lang='lat' dir='ltr'>regula,</span> 
     </span>
     <span class='ocr_line' id='line_1_88' title="bbox 852 2256 1497 2300; baseline -0.002 -12"><span class='ocrx_word' id='word_1_460' title='bbox 852 2260 1036 2300; x_wconf 83' lang='lat' dir='ltr'>plerumque</span> <span class='ocrx_word' id='word_1_461' title='bbox 1047 2269 1127 2294; x_wconf 88' lang='lat' dir='ltr'>vera,</span> <span class='ocrx_word' id='word_1_462' title='bbox 1142 2267 1366 2298; x_wconf 83' lang='lat' dir='ltr'>nonnunquam</span> <span class='ocrx_word' id='word_1_463' title='bbox 1382 2256 1421 2287; x_wconf 81' lang='lat' dir='ltr'>ab</span> <span class='ocrx_word' id='word_1_464' title='bbox 1438 2257 1497 2288; x_wconf 85' lang='lat' dir='ltr'>AE·</span> 
     </span>
     <span class='ocr_line' id='line_1_89' title="bbox 851 2299 1498 2343; baseline -0.005 -11"><span class='ocrx_word' id='word_1_465' title='bbox 851 2302 972 2343; x_wconf 73' lang='lat' dir='ltr'>schylo,</span> <span class='ocrx_word' id='word_1_466' title='bbox 991 2301 1156 2342; x_wconf 86' lang='lat' dir='ltr'>Sophocle,</span> <span class='ocrx_word' id='word_1_467' title='bbox 1169 2300 1382 2342; x_wconf 80' lang='lat' dir='ltr'>Aristophane</span> <span class='ocrx_word' id='word_1_468' title='bbox 1399 2299 1498 2330; x_wconf 79' lang='lat' dir='ltr'>viola-</span> 
     </span>
     <span class='ocr_line' id='line_1_90' title="bbox 851 2343 1497 2385; baseline -0.005 -11"><span class='ocrx_word' id='word_1_469' title='bbox 851 2350 912 2385; x_wconf 81' lang='lat' dir='ltr'>tur,</span> <span class='ocrx_word' id='word_1_470' title='bbox 937 2345 976 2374; x_wconf 88' lang='lat' dir='ltr'>ab</span> <span class='ocrx_word' id='word_1_471' title='bbox 1002 2343 1167 2384; x_wconf 86' lang='lat' dir='ltr'>Euripide,</span> <span class='ocrx_word' id='word_1_472' title='bbox 1190 2343 1293 2379; x_wconf 86' lang='lat' dir='ltr'>credo,</span> <span class='ocrx_word' id='word_1_473' title='bbox 1325 2351 1497 2383; x_wconf 87' lang='lat' dir='ltr'>nunquam.</span> 
     </span>
     <span class='ocr_line' id='line_1_91' title="bbox 851 2387 1499 2425; baseline -0.003 -9"><span class='ocrx_word' id='word_1_474' title='bbox 851 2387 889 2417; x_wconf 88' lang='lat' dir='ltr'>In</span> <span class='ocrx_word' id='word_1_475' title='bbox 913 2387 1001 2418; x_wconf 83' lang='lat' dir='ltr'>Med.</span> <span class='ocrx_word' id='word_1_476' title='bbox 1029 2390 1124 2418; x_wconf 80' lang='grc'><strong>1252.</strong></span> <span class='ocrx_word' id='word_1_477' title='bbox 1148 2387 1172 2417; x_wconf 79' lang='lat' dir='ltr'>si</span> <span class='ocrx_word' id='word_1_478' title='bbox 1197 2392 1301 2416; x_wconf 81' lang='lat' dir='ltr'>tamen</span> <span class='ocrx_word' id='word_1_479' title='bbox 1324 2394 1418 2415; x_wconf 82' lang='lat' dir='ltr'>sanus</span> <span class='ocrx_word' id='word_1_480' title='bbox 1439 2390 1499 2425; x_wconf 81' lang='lat' dir='ltr'>est,</span> 
     </span>
     <span class='ocr_line' id='line_1_92' title="bbox 851 2426 1499 2464; baseline -0.003 -4"><span class='ocrx_word' id='word_1_481' title='bbox 851 2430 983 2460; x_wconf 86' lang='lat' dir='ltr'>choricae</span> <span class='ocrx_word' id='word_1_482' title='bbox 991 2429 1125 2460; x_wconf 83' lang='lat' dir='ltr'>licentiae</span> <span class='ocrx_word' id='word_1_483' title='bbox 1132 2427 1369 2460; x_wconf 87' lang='lat' dir='ltr'>concedendum</span> <span class='ocrx_word' id='word_1_484' title='bbox 1378 2426 1499 2464; x_wconf 82' lang='grc' dir='ltr'><em>ἔβλασ·</em></span> 
     </span>
     <span class='ocr_line' id='line_1_93' title="bbox 852 2469 1497 2505; baseline -0.003 -2"><span class='ocrx_word' id='word_1_485' title='bbox 852 2484 919 2504; x_wconf 81' lang='grc' dir='ltr'><strong>τεν.</strong></span> <span class='ocrx_word' id='word_1_486' title='bbox 943 2472 1056 2503; x_wconf 90' lang='lat' dir='ltr'>Troad.</span> <span class='ocrx_word' id='word_1_487' title='bbox 1074 2474 1168 2505; x_wconf 87' lang='grc'><strong>1261.</strong></span> <span class='ocrx_word' id='word_1_488' title='bbox 1184 2470 1312 2503; x_wconf 78' lang='grc' dir='ltr'>ἐλπίδας</span> <span class='ocrx_word' id='word_1_489' title='bbox 1329 2469 1362 2502; x_wconf 84' lang='grc' dir='ltr'>ἔν</span> <span class='ocrx_word' id='word_1_490' title='bbox 1377 2482 1426 2502; x_wconf 81' lang='grc' dir='ltr'>σοι</span> <span class='ocrx_word' id='word_1_491' title='bbox 1443 2482 1497 2502; x_wconf 86' lang='grc' dir='ltr'>κα-</span> 
     </span>
     <span class='ocr_line' id='line_1_94' title="bbox 853 2513 1498 2556; baseline -0.003 -10"><span class='ocrx_word' id='word_1_492' title='bbox 853 2515 991 2555; x_wconf 73' lang='grc' dir='ltr'><em>τέγναψε</em></span> <span class='ocrx_word' id='word_1_493' title='bbox 1001 2515 1081 2552; x_wconf 82' lang='grc' dir='ltr'><em>βίου,</em></span> <span class='ocrx_word' id='word_1_494' title='bbox 1097 2516 1166 2556; x_wconf 79' lang='lat' dir='ltr'>lege</span> <span class='ocrx_word' id='word_1_495' title='bbox 1179 2515 1366 2555; x_wconf 82' lang='grc' dir='ltr'><em>κατέκναψε.</em></span> <span class='ocrx_word' id='word_1_496' title='bbox 1383 2513 1498 2545; x_wconf 81' lang='lat' dir='ltr'>Electr.</span> 
     </span>
     <span class='ocr_line' id='line_1_95' title="bbox 856 2559 1262 2601; baseline -0.002 -11"><span class='ocrx_word' id='word_1_497' title='bbox 856 2561 950 2591; x_wconf 82' lang='lat'>1021.</span> <span class='ocrx_word' id='word_1_498' title='bbox 966 2563 1142 2601; x_wconf 87' lang='lat' dir='ltr'>corruptum</span> <span class='ocrx_word' id='word_1_499' title='bbox 1158 2559 1262 2590; x_wconf 87' lang='lat' dir='ltr'>credo.</span> 
     </span>
    </p>
   </div>
  </div>
 </body>
</html>
