1586 2798
660 64 940 97 PRAEFArxo.
1429 69 1460 99 v

123 168 247 210 litera
267 180 292 208 a
313 167 451 209 veteri
474 167 750 209 nominativo
774 165 890 218 κέρος.
952 165 1123 208 Dicunt
1154 166 1286 221 igitur
1314 168 1455 213 Attici

123 223 340 280 κεροβᾶτης,
385 224 583 280 κερόδετος,
627 222 842 281 κερουλκος,
892 222 1096 281 κεςοφόρος,
1137 229 1183 265 et
1213 230 1452 279 proptelea

124 284 341 338 κεροτυπεῖν.
373 282 565 325 Rariora
585 289 704 333 sunt,
728 283 878 336 probae
901 286 1047 323 tamen
1066 285 1196 332 notae,
1221 283 1451 337 κεράσβολος

119 343 197 389 (ex
233 341 421 381 Platone
456 341 568 381 satis
603 338 779 394 notum)
806 344 851 381 et
885 337 1122 395 κερασφόρος,
1154 341 1274 394 quod
1302 348 1452 385 exstat

121 397 321 451 Euripid.
369 396 597 438 Phoeniss.
627 398 727 439 255.
771 400 813 443 et
852 397 897 437 in
932 398 1179 450 fragmento
1212 397 1450 451 Sophoclis

121 455 240 508 apud
286 454 456 496 AElian.
510 455 569 496 N.
611 454 667 496 Α.
709 454 786 496 vii.
824 454 893 495 39·
947 451 1105 509 ''Apono-a
1156 455 1350 511 μυκτῆρᾶς
1408 474 1448 497 τε

121 529 183 551 και
220 508 465 567 κερασφόρους
509 510 758 567 Στόρθυγγας
787 510 886 580 εῖςςῦ
932 508 1074 561 ἕκηλος.
1146 510 1344 555 Versum
1388 527 1447 555 ex

120 568 344 622 Euripidis
378 569 537 610 Oreste
578 570 678 611 ²68.
738 566 815 616 Δος
854 567 949 617 τόξα
983 585 1045 621 μοι
1094 571 1295 623 κερουλκά,
1335 571 1447 612 citat

120 626 283 666 Suidas
304 639 345 665 v,
369 642 408 664 x:
397 626 586 679 Ζροβοίτης,
608 627 686 667 ubi
715 627 830 667 male
861 627 1053 679 priscam
1085 626 1321 668 lectionem
1358 629 1445 683 παρ’

120 682 295 737 Εὐριπίδῃ
319 683 555 734 Kusterus,
578 684 683 725 licet
704 697 762 724 ex
796 682 926 732 Μ55.,
946 684 990 723 in
1024 681 1208 737 παροιμία
1241 686 1446 727 mutavit.

118 739 356 781 Similiter
345 753 388 780 m
412 742 674 794 compositis
692 754 719 781 a
736 738 844 794 κρέας
861 753 908 779 se
928 752 996 779 res
1016 739 1165 781 habet.
1194 740 1445 808 Nunquam

118 797 231 837 enim
253 796 488 852 κρεωδαισία,
512 812 741 851 κρεωκοπειν,
770 794 1003 851 κρεωπῶλης,
1032 794 1274 851 κρεωστοῖθμη
1297 798 1446 840 dicunt

117 852 272 904 Attici,
295 854 371 894 sed
396 855 501 895 brex
492 867 573 894 em
595 866 768 906 semper
800 852 1001 894 vocalem
1030 853 1255 895 adhibent.
1318 854 1372 896 Et
1392 869 1445 896 ne

117 912 216 965 quis
238 911 437 965 objiciat,
470 911 614 952 editos
634 911 773 951 libros
793 910 906 950 hanc
926 909 1069 961 legem
1092 923 1217 963 saepe
1238 911 1443 965 migrare,

118 969 229 1009 sciat
259 969 412 1018 lector,
451 981 673 1022 nusquam
707 967 805 1009 haec
837 971 915 1007 aut
951 966 1115 1007 similia
1146 968 1283 1009 verba
1318 970 1462 1023 apud*

117 1025 350 1066 Pollucem
387 1038 631 1076 occurrere,
665 1025 771 1078 quin
804 1024 848 1064 in
869 1036 956 1063 uno
979 1023 1137 1064 saltem
1162 1024 1251 1065 Ms.
1273 1041 1289 1064 0
1313 1039 1395 1079 pro
1415 1044 1442 1066 ω

116 1083 423 1124 substituatur.
485 1083 677 1124 Diversa
707 1081 851 1122 forma
890 1083 959 1121 est
992 1079 1208 1136 κρεανομία,
1242 1095 1324 1134 pro
1354 1097 1443 1137 qua

117 1140 233 1192 apud
256 1140 489 1181 Pollucem
517 1141 546 1180 i.
578 1140 649 1181 34.
680 1143 723 1181 et
760 1138 1033 1179 Clementem
1064 1137 1199 1180 Alex,
1224 1138 1370 1181 Protr.
1393 1154 1440 1195 p.

115 1197 186 1247 11,
209 1198 277 1239 17.
312 1197 428 1238 male
456 1198 668 1250 scriptum
693 1199 759 1237 est
789 1193 1006 1249 κρεωνομία.
1067 1195 1175 1245 Sed,
1206 1199 1253 1236 ut
1272 1197 1439 1248 redeat,

117 1254 231 1295 unde
258 1254 457 1307 digressa
486 1258 553 1295 est
582 1254 742 1303 oratio,
764 1252 974 1294 Wassius
996 1253 1054 1293 ad
1073 1253 1277 1307 Thucyd.
1299 1255 1346 1294 ii.
1366 1254 1442 1296 84.

116 1311 228 1352 hunc
267 1312 471 1366 AEschyli
508 1312 658 1352 locum
698 1310 906 1361 laudans,
928 1309 1235 1365 κεροτυπούμεναι
1273 1312 1442 1362 scribit,

110 1367 281 1421 judicio
305 1382 358 1409 an
380 1382 534 1419 errore,
554 1369 720 1410 nescio.

173 1425 372 1479 Choeph.
393 1427 492 1467 421.
552 1425 637 1466 Vel
659 1430 916 1479 transpone,
944 1424 1089 1473 '‘Exosp’
1121 1424 1264 1480 ’Ἃρεὶόν
1285 1425 1441 1478 κομμὸν,

115 1483 183 1523 vel
203 1484 309 1536 lege,
347 1483 465 1537 apud
498 1483 759 1525 sententiam
788 1483 945 1524 melius
977 1484 1212 1533 connectit,
1237 1483 1394 1535 Κομμόν
1414 1484 1445 1522 δ’

116 1538 280 1589 ἕκοψ”Ἀ
310 1556 389 1582 ειον.

172 1598 257 1651 [ix]
277 1557 375 1638 554.
392 1597 504 1639 Cum
521 1596 665 1638 Aldus
679 1600 722 1638 et
738 1596 1024 1638 Robortellus
1040 1595 1257 1638 ediderint
1275 1598 1439 1646 φιλόξεν’

116 1655 228 1704 ἐστιν,
252 1655 342 1696 levi
372 1655 618 1695 mutatione
647 1654 895 1707 legendum,
923 1651 1091 1702 φιλοξένη
1111 1653 1221 1694 ὀ-τιν.
1282 1654 1439 1710 Hujus

116 1713 271 1753 erroris
304 1712 492 1753 similem
526 1725 612 1752 non
632 1724 731 1753 raro
753 1711 972 1752 admisere
991 1711 1168 1759 librarii,
1189 1711 1330 1752 nescii
1353 1712 1440 1753 sci-

116 1768 223 1810 licet
251 1769 428 1821 longam
469 1769 670 1809 vocalem
702 1768 809 1808 elidi
851 1780 941 1808 non
980 1780 1133 1821 posse.
1210 1768 1441 1809 Dederunt

115 1825 246 1878 igitur
263 1825 416 1881 γράμμ’
440 1827 534 1870 ἔστι,
553 1824 655 1880 xpe?
672 1826 784 1874 ἐστιν,
799 1823 915 1880 Ἐςμῖ
936 1826 1130 1877 ἐμπολαιε,
1153 1838 1254 1867 cum
1275 1824 1437 1880 γραμμή

90 1905 92 1907 >
114 1881 202 1933 ’στι,
225 1883 343 1940 χρεία
364 1884 473 1931 ’στιν,
505 1884 635 1938 “Ερμο’ἱ
663 1883 837 1934 ’μπολαιε
875 1882 1129 1923 debuerant.
1191 1881 1438 1922 Fatendum

115 1946 186 1980 est
222 1941 397 1995 quidem
444 1940 620 1982 Atticos
666 1939 921 2004 hujusmodi
960 1940 1141 1980 nomina
1179 1938 1438 1993 plerumque

115 2010 321 2049 generum
358 1998 543 2039 duorum
575 1997 828 2038 communia
875 1996 1034 2039 facere.
1109 1994 1214 2039 Non
1263 2007 1438 2060 semper

115 2058 262 2095 tamen
301 2055 417 2095 hanc
447 2055 640 2107 regulam
680 2058 859 2094 servant
888 2057 1071 2094 veteres.
1128 2051 1350 2103 Theognis
1391 2052 1437 2092 in

116 2111 212 2163 ipso
235 2112 390 2152 initio:
415 2110 573 2167 ’Ἄρτεμι
595 2109 802 2181 θηροεβόνηόε
805 2141 816 2159 ,
847 2110 967 2164 quod
999 2109 1202 2162 imperite
1236 2107 1438 2149 Brunck-

117 2168 185 2208 ius
214 2169 426 2219 mutavit3
467 2166 668 2216 πολυξέναν
707 2166 757 2208 A'a‘
745 2183 863 2221 γιναν
901 2167 1017 2207 dixit
1054 2164 1276 2206 Pindarus
1303 2164 1437 2205 Nem.

117 2223 178 2265 iii.
195 2226 236 2267 3.
258 2224 465 2274 πολύξειναι
487 2224 636 2272 νεανιὸες
657 2225 776 2277 apud
797 2222 1068 2264 Athenaeum
1088 2220 1186 2262 xiii.
1203 2234 1250 2274 p.
1266 2221 1366 2263 574.
1384 2221 1437 2262 Α.

173 2282 400 2323 Eumenid.
421 2282 521 2324 896.
553 2280 686 2329 Πάσης
700 2279 844 2332 ἂπῆμον
845 2278 990 2326 ὀιζύος·
1024 2277 1136 2333 δέχου
1157 2277 1194 2317 δὲ
1216 2275 1277 2319 σύ.
1299 2277 1438 2320 Attici

119 2350 290 2393 semper
325 2339 416 2390 οἰζὺς
452 2339 668 2389 dixerunt,
703 2350 791 2378 non
831 2336 937 2388 ὀϊζὺς,
975 2335 1124 2391 οἰζυρῦς,
1155 2347 1240 2376 non
1276 2334 1439 2390 ὄίζυρός;

120 2523 151 2554 G
155 2481 270 2557 [ΗΙιέν
269 2482 468 2567 ξἐωεεηία,
439 2493 468 2519 ν,
483 2485 516 2514 3
528 2484 559 2515 4.
579 2481 776 2515 scribendum
785 2480 957 2524 Θηροφάνη,
970 2486 1004 2515 ut
1019 2478 1138 2516 ibidem
1151 2479 1267 2525 legitur
1278 2480 1439 2525 Θηρονίκη·
