1566 2789
165 57 234 112 16

571 58 1070 108 ΕΥΡΙΠΙΔΟΥ

306 196 458 258 τίθετε,
477 220 543 265 μη
571 199 777 263 ψοφειτε,
803 196 952 265 μηδ”
945 220 1053 247 wrm
1080 194 1243 253 κτύπος

458 270 549 323 οἵπο
576 269 814 342 προβᾶτ’
803 268 947 331 εκεῖσ,

457 344 547 397 ἀπο
575 345 666 434 πξό
681 369 759 414 μοι
788 345 960 403 κοίτας.

454 423 538 471 Xo.
582 417 674 471 ἱόου
701 420 926 488 πείθοωαι.

542 490 562 511 11
603 491 623 511 51
697 493 712 508 Ᾰ

387 497 488 544 Ηλ.
531 517 564 544 α
591 518 625 543 οι
653 517 870 565 συξιγγος
898 517 948 551 ως
977 492 1104 542 πνοιαὶ

201 649 275 678 140.
297 650 353 677 Χο.
385 646 472 686 σίγα,
495 646 574 685 σίγα
598 651 708 677 contra
733 657 797 677 rne-

157 693 240 719 trum
270 688 346 719 Ald.
374 695 407 720 et
430 690 512 720 infra
539 693 612 721 180.
636 690 695 721 Vs.
727 693 799 721 145.

161 736 222 763 Ηλ.
238 732 312 762 Ald.
342 733 404 764 Pro
420 732 539 763 λεπτὸν
551 733 635 763 varia
651 733 745 763 lectio
769 733 802 766 in

162 775 297 806 Scholiis
313 780 347 805 et
360 776 392 806 in
409 775 446 806 P.
462 774 593 813 λευκόν,
616 777 660 806 sic
676 782 707 806 et
723 776 803 805 Dio-

159 818 271 858 nysius
285 818 359 849 Hal.
376 819 408 848 in
422 818 495 849 edd.
511 818 566 849 sed
582 819 613 848 in
634 820 711 848 Mes.
727 825 803 849 λεπ-

159 860 227 891 τόν.
241 860 495 903 Aewrbvquoque
508 862 650 892 Laertius
661 862 716 892 vii.
732 865 804 893 172.

159 905 244 944 quod
261 909 444 945 argumento
467 905 532 946 ejus
556 905 667 934 melius
690 914 804 935 conve-

159 948 217 983 nit,
234 947 309 978 licet
325 947 495 983 Illustrius,
512 947 677 978 Laertium
691 948 805 978 exscri-

161 991 249 1026 bens,
273 989 389 1021 λευκὸν
403 991 535 1028 habeat;
561 989 675 1021 λευκὸν
700 996 805 1021 tamen

161 1033 262 1073 magis
275 1033 437 1073 poeticum
446 1034 581 1069 videtur,
597 1039 632 1063 ut
640 1033 722 1064 infra
733 1039 804 1064 λευ-

161 1075 217 1106 κὸν
232 1074 331 1115 ὄνυχα
344 1079 420 1107 950.
463 1076 497 1106 Si
521 1077 579 1106 hoc
600 1076 690 1116 legiS‚
718 1077 805 1115 σῖγα,

158 1119 236 1157 σῖγα
253 1119 452 1160 jungendum
474 1124 523 1149 est
545 1129 616 1150 cum
630 1118 753 1156 τίθετε;
781 1120 807 1150 si

160 1161 280 1192 λεπτὸν
301 1162 441 1203 praeferS‚
467 1163 554 1201 σῖγα,
581 1163 658 1201 σῖγα
681 1168 806 1193 senten-

160 1204 236 1234 tiam
252 1214 309 1245 per
324 1215 358 1236 se
380 1204 524 1236 absolvit.
568 1204 703 1244 [λεπτὸν
726 1215 806 1246 prae-

160 1247 338 1283 ferendum,
362 1249 480 1288 quippe
496 1258 554 1279 nec
577 1248 680 1279 minus
702 1248 807 1288 poeti-

163 1300 235 1320 cum
250 1295 282 1321 et
304 1291 376 1330 plus
397 1291 590 1331 significans,
619 1301 711 1332 quam
735 1297 808 1322 λευ-

163 1332 230 1372 κὸν,
256 1333 342 1373 quod
367 1334 529 1373 epitheton
552 1339 603 1364 est
624 1334 810 1375 simpliciter

163 1386 289 1408 ornans.
337 1376 430 1413 Quod
454 1377 524 1417 plus
539 1377 717 1417 significare
731 1377 809 1413 dixi,

164 1419 320 1459 quomodo
345 1419 483 1460 intelligi
506 1421 611 1454 velim,
636 1420 729 1450 facile
753 1429 808 1460 ap-

165 1462 299 1502 parebit,
318 1462 345 1492 si
363 1462 536 1502 inspexeris
556 1472 626 1503 quae
647 1462 687 1493 ad
707 1462 809 1492 Theo-

165 1505 236 1536 crit.
252 1505 306 1535 vii.
322 1508 375 1536 70.
398 1511 429 1535 et
445 1505 485 1535 ad
501 1505 649 1547 Sophocl.
666 1505 718 1546 Aj.
732 1508 809 1537 402.

167 1548 286 1578 notavi.
312 1548 355 1578 G.
372 1548 419 1578 H.
432 1547 484 1587 S.]

212 1593 285 1622 141.
307 1592 422 1621 τιθεῑτε
437 1592 511 1620 Ald.
527 1595 559 1621 et
577 1590 659 1621 Mss.
679 1591 812 1631 ψοφεῖτε

166 1642 224 1674 pro
235 1634 382 1664 κτυπεῖτε
392 1633 429 1663 M
433 1644 458 1665 S.
472 1632 562 1664 Leid.
575 1634 660 1674 apud
672 1633 811 1664 Valcke-

165 1677 309 1708 naerium
319 1677 360 1707 ad
371 1676 523 1707 Phoeniss.
543 1680 638 1708 1371.
651 1677 713 1708 Ms-
726 1677 813 1708 Cott.

165 1719 356 1750 Scholiastes
366 1719 520 1750 Nicandri
530 1719 625 1751 Ther.
642 1723 716 1751 424.
751 1720 811 1750 Sed

167 1762 256 1793 aliud
271 1763 322 1794 hic
336 1767 436 1793 restat
457 1763 697 1793 observandum.
732 1763 814 1792 Cum

168 1804 251 1835 enirn
276 1814 382 1834 versus
403 1804 454 1834 hic
478 1803 559 1834 forte
585 1803 711 1834 fortuna
735 1804 813 1834 iam-

167 1849 258 1878 bicus
269 1857 337 1878 esse
348 1846 519 1883 videretur,
535 1847 595 1876 viri
610 1846 694 1877 docti
708 1857 813 1888 paren]

167 1891 302 1921 reddere
323 1890 545 1920 antitheticum
567 1893 639 1921 154.
665 1890 809 1920 certatim

170 1934 282 1964 anniti.
304 1932 397 1964 ποίαν
411 1943 469 1973 pro
487 1932 559 1963 τίνα
571 1932 707 1972 Kingius
722 1933 769 1962 bis
780 1943 816 1963 ex

169 1975 322 2017 ‘optimo’
338 1986 407 2012 suo,
433 1976 518 2016 quod
544 1986 581 2006 ex
603 1975 747 2006 Γ110111111
769 1975 818 2005 111-

171 2019 380 2067 terpolatione
405 2019 581 2059 profectum
595 2018 732 2049 videtur.
757 2017 817 2049 τίν’

172 2060 241 2092 ὠτ.
257 2074 283 2093 ε.
299 2061 354 2093 τίν’
378 2062 438 2100 ἤδη
461 2073 492 2093 cr.
527 2061 737 2102 Musgravius.
763 2060 816 2092 τύ-

174 2116 239 2144 χαν
266 2105 324 2136 τίν’
349 2105 389 2136 ἂν
417 2103 542 2143 λε”γοιμι
572 2104 751 2135 Brunckius
779 2114 817 2133 ex

175 2147 355 2189 conjectura
380 2147 491 2178 edidit.
536 2147 598 2177 Sed
624 2147 657 2177 in
687 2147 745 2177 hoc
769 2146 818 2177 bis

174 2192 327 2230 peccavit.
373 2191 479 2221 Multo
494 2191 579 2220 enim
594 2190 706 2220 minori
728 2189 818 2219 moli-

176 2234 263 2264 mine
286 2238 421 2275 poterat,
446 2243 548 2274 neque
563 2233 687 2272 ordine,
714 2242 817 2272 neque

176 2277 271 2307 verbo
288 2282 416 2312 mutato,
432 2276 491 2307 τίν’
506 2276 587 2307 ἲιντ.
605 2276 727 2314 εἴποιμι.
756 2275 817 2304 Sed

176 2319 319 2360 profecto
341 2319 509 2361 legendum
528 2318 643 2354 τίθετε,
667 2324 699 2348 et
713 2327 819 2347 versus

175 2346 773 2395 esttrochaicustrimetercatalecticus,
782 2361 821 2390 ab

176 2405 248 2435 aliis
257 2406 422 2445 acephalos
432 2405 585 2435 iambicus
595 2409 732 2434 vocatus.
755 2403 820 2432 He-

178 2449 289 2487 phaest.
307 2457 338 2487 p.
356 2451 407 2479 19.
432 2447 500 2478 Nec
512 2458 562 2478 me
574 2447 665 2487 fugit,
679 2446 820 2477 Brunck-

178 2491 244 2520 ium
273 2491 416 2530 pluribus
444 2491 478 2520 111
502 2491 580 2521 locis
605 2488 769 2530 Sophoclis
792 2491 824 2517 et

180 2532 405 2573 Aristophanis
416 2533 518 2571 τιθεῖς,
527 2534 647 2572 ξυνιεῖς,
658 2537 688 2562 et
702 2531 821 2561 similes

180 2576 390 2608 barbarismos
404 2582 457 2607 aut
473 2576 640 2617 reliquisse
663 2579 717 2604 aut
737 2574 820 2603 intu-

1406 507 1483 543 145

843 647 926 677 lisse.
964 646 1063 676 Attici
1085 645 1231 676 dicebant
1250 645 1362 684 τίθημι,
1389 647 1485 683 τίθης,

840 691 953 727 τίθησι.
988 690 1176 728 Ubicunque
1191 689 1284 720 τιθεῖς
1299 689 1425 729 legitur,
1442 691 1487 719 le-

842 734 925 773 gitur
941 742 977 762 ex
993 742 1097 762 errore
1112 732 1284 761 scribarum
1300 743 1326 761 ει
1338 738 1369 762 et
1380 743 1399 768 η
1414 742 1484 772 per-

841 776 1038 805 mutantium.
1076 775 1229 815 Exempla
1242 774 1375 815 proferri
1390 775 1485 804 debe-

843 819 929 852 bant,
945 819 1010 852 ubi,
1027 827 1118 847 versu
1134 822 1277 857 cogente,
1293 818 1379 851 τιθῶ,
1395 818 1485 855 τιθεῖ,

842 862 996 899 τιθοῦμεν,
1019 861 1132 891 τιθεῖτε
1152 859 1254 890 Attici
1277 859 1488 890 adhibuerint.

844 904 938 934 Unde
962 904 1046 933 enim
1072 903 1117 938 fit,
1141 908 1175 932 ut
1199 904 1264 932 haec
1289 903 1398 937 sorana,
1423 909 1487 932 tam

844 952 944 977 metro
968 947 1143 981 commoda,
1167 955 1323 986 nusquam
1345 945 1412 976 fere
1436 955 1487 976 oc-

845 995 960 1026 currat,
981 989 1041 1019 nisi
1057 989 1111 1018 uhi
1127 994 1226 1019 metro
1243 988 1281 1018 sit
1296 998 1424 1028 prorsus
1439 988 1486 1018 in-

845 1033 954 1062 utilis?
1000 1032 1043 1061 At
1059 1032 1153 1066 enim,
1168 1031 1282 1072 inquit,
1297 1032 1377 1061 τιθεῖ
1394 1030 1489 1061 habet

845 1075 1014 1115 Euripides
1030 1074 1121 1116 Cycl.
1138 1076 1212 1105 526.
1226 1073 1419 1104 “On-ovano&
1430 1084 1488 1108 τις.

846 1117 945 1149 ἐνθάδ’
961 1117 1048 1149 ἐστὶν
1063 1115 1205 1153 εὐπετής.
1228 1117 1358 1147 Μεθεΐτε
1375 1116 1421 1146 bis
1437 1118 1491 1146 ha—

845 1161 898 1192 bet
914 1161 1142 1201 Aristophanes
1165 1159 1491 1191 Ran.1337.1346.

846 1203 933 1244 quod
955 1214 995 1234 ex
1017 1203 1151 1244 pristina
1165 1202 1251 1232 verbi
1266 1200 1389 1232 foi-‘ma
1380 1200 1419 1232 έω
1435 1202 1490 1232 de-

846 1248 975 1277 ductum
992 1252 1051 1277 est.
1088 1245 1205 1276 Verum
1230 1245 1265 1275 in
1290 1245 1394 1286 priore
1420 1244 1491 1274 loco

847 1289 1017 1331 legendum
1043 1289 1125 1331 τιθῆ,
1155 1298 1249 1328 quam
1284 1287 1491 1318 constructio-

848 1343 930 1369 nem,
957 1341 1125 1374 supplesso
1150 1330 1201 1369 ἂν,
1227 1334 1333 1360 amant
1356 1329 1494 1370 Tragici.

847 1375 919 1405 Ion.
936 1378 1030 1406 1065.
1055 1374 1132 1405 ὅπου
1154 1372 1188 1405 δὲ
1202 1372 1369 1412 πολεμίους
1384 1373 1494 1412 δρᾶσαι

848 1420 950 1449 κακῶς
965 1416 1049 1458 Θέλῃ
1064 1428 1113 1448 τις
1126 1426 1183 1457 pro
1207 1415 1283 1447 ὅταν
1305 1414 1416 1446 melius
1438 1417 1492 1446 ha·

848 1460 903 1491 bet
929 1461 1072 1491 Stobaeus
1095 1459 1140 1491 lii.
1167 1458 1258 1499 (liv.)
1284 1469 1316 1499 p.
1343 1460 1417 1489 360.
1440 1461 1494 1489 41.

849 1503 968 1534 Electr
983 1506 1059 1536 978.
1063 1501 1202 1533 ’Ὀπουδ’
1211 1501 1377 1532 Ἀπόλλων
1387 1501 1495 1532 σκαιὸς

851 1544 886 1588 ᾖ,
909 1545 992 1578 τίνες
1015 1545 1127 1586 σοφοῖ;
1151 1544 1231 1576 ὅπου
1245 1543 1349 1586 λάβης
1371 1543 1494 1584 Fragm.

850 1590 1063 1620 1110010103.
1107 1588 1280 1628 Sophocles
1305 1576 1406 1640 ripud
1417 1586 1492 1617 Plu-

853 1633 952 1663 tarch.
979 1636 1002 1662 t.
1016 1632 1051 1661 ii.
1067 1642 1099 1672 p.
1116 1633 1169 1662 34.
1187 1630 1229 1661 A.
1247 1633 1322 1662 767.
1339 1629 1381 1660 A.
1391 1628 1495 1660 ‘'On-ov

851 1675 958 1717 προσ-ᾔ
971 1674 1008 1706 τὸ
1024 1673 1155 1711 κάλλος,
1177 1672 1363 1714 ἀμφιδέξιος.
1409 1672 1495 1702 Aris—

853 1718 998 1758 tophanis
1027 1717 1097 1747 loca
1122 1717 1255 1747 fortasse
1279 1716 1350 1757 jure
1376 1715 1498 1745 omisis·

853 1771 937 1797 sem;
960 1760 1016 1789 sed
1030 1768 1070 1788 ne
1086 1759 1163 1798 quid
1176 1760 1340 1793 intactum,
1357 1757 1441 1797 quod
1457 1757 1495 1787 ad

852 1812 920 1832 rem
947 1802 1105 1843 pertinere
1130 1800 1285 1838 videatur,
1308 1800 1495 1840 relinquam,

854 1845 924 1886 lege
953 1844 1121 1884 utrobique
1150 1842 1302 1884 Μέθεσθε,
1331 1843 1364 1873 111
1393 1842 1498 1873 media

854 1898 943 1922 voce.
967 1898 1036 1928 qnae
1059 1887 1152 1927 longe
1168 1887 1281 1927 aptior,
1301 1891 1335 1916 ut
1360 1885 1498 1923 λαβομέ-

856 1942 896 1961 νω
927 1934 1023 1962 1332.
1058 1930 1210 1967 μεθῆσθον
1240 1931 1334 1960 1333.
1364 1927 1499 1968 ἐχόμεθα

857 1971 1500 2009 1334.λοίβεσθε1343.01111011110110110,

856 2017 997 2056 ψοφεῖτε,
1022 2014 1103 2057 qnod
1129 2020 1211 2045 recte
1228 2019 1330 2044 seivat
1345 2014 1499 2044 Nicandri

856 2059 1048 2090 Scholiastes
1058 2059 1092 2089 in
1103 2057 1219 2087 Aldina
1229 2064 1371 2097 utraque,
1385 2057 1415 2086 in
1426 2057 1499 2086 edd.

857 2101 1055 2143 quibusdam,
1094 2100 1278 2131 Coloniensi
1308 2105 1392 2130 certe
1426 2100 1500 2129 anni

858 2147 954 2176 1530.
973 2144 1136 2174 Pa1·is2ensi
1156 2147 1249 2175 1557.
1265 2148 1417 2172 mutatum
1435 2151 1501 2172 esse

860 2189 891 2217 in
909 2188 1066 2218 κτυπεῖτε.

907 2233 980 2261 143.
1005 2229 1145 2269 Kingius
1159 2237 1196 2257 ex
1211 2227 1254 2257 K.
1270 2226 1396 2267 λέχους.
1441 2226 1501 2256 Sed

862 2274 921 2303 hoc
929 2273 954 2302 si
964 2273 1072 2303 vitium
1084 2277 1143 2307 est,
1155 2271 1315 2301 emendari
1325 2270 1419 2300 debet
1431 2272 1503 2300 159.

863 2322 898 2346 ut
922 2315 1008 2346 socio
1024 2324 1080 2346 suo
1097 2316 1170 2345 146.
1193 2323 1266 2353 resp
1270 2312 1396 2344 ›ndeat.
1425 2311 1503 2342 ἀπό-

864 2358 952 2400 προθί
965 2370 1017 2397 μοι
1030 2357 1135 2389 κοίτας
1145 2357 1193 2387 Μ.
1205 2361 1237 2387 et
1247 2356 1290 2386 sic
1299 2355 1399 2386 voluit
1410 2354 1503 2385 Cant.

865 2400 1014 2441 ἀπόπροθι
1028 2400 1134 2432 κοίτας
1148 2399 1191 2430 Ν.
1209 2399 1346 2439 Dionys.

912 2448 983 2475 145.
1006 2443 1086 2475 ὅπως
1103 2440 1183 2473 πνοᾶ
1206 2441 1280 2471 Ald.
1307 2446 1339 2470 et
1364 2439 1443 2470 Mss.
1465 2439 1505 2470 ὡς

865 2487 956 2517 πνοιὰ
993 2486 1065 2516 dedi
1101 2485 1216 2525 partim
1252 2494 1289 2513 ex
1327 2483 1506 2530 conjectura

866 2529 986 2570 Kingii.
1031 2529 1108 2559 Mox
1133 2526 1287 2568 ὑπόροφον
1315 2525 1448 2566 primum
1473 2524 1505 2554 in

867 2570 1039 2612 ὑπνοφόρον
1069 2576 1221 2601 mutatum
1247 2569 1357 2608 voluit,
1393 2566 1507 2625 deinde
