1566 2789
124 62 210 104 102

124 186 220 218 εἰπεῖν
236 190 266 215 et
281 182 430 216 δεικνύειν
445 182 577 214 confusa
592 186 667 214 540.
684 181 771 214 εἶπον

168 236 200 260 et
213 228 301 267 λέγω
317 227 445 258 confusa
459 228 524 257 790

124 274 165 305 είς
192 278 224 303 et
250 273 281 302 ἐς
299 273 394 302 1467.
418 269 459 300 εἷς
482 268 615 299 subaud.
631 272 706 300 831.
731 269 772 300 εἰς

169 322 202 346 ct
217 314 266 347 ἐπὶ
282 314 411 345 confusa
428 316 480 344 77.
504 311 547 344 εἷς
562 319 593 343 ct
609 312 648 343 ὡς
662 312 771 343 coufu-

168 370 202 389 ελ
220 362 301 390 1415

126 401 298 435 εἰσακούειν
324 403 395 431 cnm
427 399 577 440 genhivo,
606 398 773 430 subaudito

168 444 238 486 περὶ
258 446 338 475 1361

126 489 247 528 εἵσομαι
261 490 325 518 260

126 532 204 564 εἶτα.
222 529 277 562 εἶτ’
293 536 324 560 et
341 529 558 560 &vr—confusa
571 530 655 560 1277

128 577 173 607 ἐκ.
189 573 269 606 στὰς
285 574 316 613 ἐξ
333 571 534 611 ἐπάλξεων-
551 574 633 602 1023

125 618 259 650 ἕκαστος
275 627 343 647 cum
359 615 471 655 plurali
489 617 570 646 1263

127 661 256 701 ἔκγονος
272 665 305 691 et
320 659 451 698 ἔγγονος
466 658 595 689 confusa
612 659 694 688 1122

126 703 314 737 ἐκδεικνύναι
329 705 393 734 539

127 747 309 787 ἐκδέχεσθαι
322 751 354 775 et
370 743 551 784 ἐνδέχεσθαι
566 742 697 774 confusa
710 744 775 774 469

127 791 242 823 ἐκνεύω
258 792 342 821 1167

130 833 300 865 ἐκπίπτειν.
316 832 358 863 τὰ
372 830 544 863 ἐκπεσόντα
561 831 645 860 1422

127 879 285 915 ἐκπλῆσαι
301 881 333 906 et
349 875 506 914 ἐμπλῆσαι
522 873 654 904 confusa
670 875 730 904 173

129 920 247 953 ἐκπνέω
264 922 347 951 1167

129 966 267 996 ἐκποδὼν
282 961 497 1001 μεθίστασθαι.
544 959 594 989 De
614 963 774 988 construc-

172 1008 257 1037 tione
274 1010 315 1037 40
618 1030 624 1037 ,.

129 1051 271 1081 ἐκπονεῖν
286 1054 317 1079 et
332 1048 474 1078 ἐκτελεῖν
490 1045 619 1075 confusa
635 1046 719 1074 1662

129 1093 295 1134 ἐκπρεπὴς,
319 1089 484 1130 εὐπρεπὴς,
501 1087 652 1129 εὐτρεπὴς
667 1087 775 1117 confu—

173 1148 206 1167 sa
223 1139 285 1167 170

129 1180 272 1212 ἐκτελεῖν
315 1188 355 1208 an
392 1176 524 1206 verbum
568 1172 777 1212 Euripideum

174 1226 270 1255 1662.
287 1221 429 1252 ἐκτελεῖν
445 1224 477 1249 et
493 1217 636 1249 ἐκπονεῖν
649 1216 778 1246 confusa

171 1268 256 1298 1662

130 1308 273 1349 ἐκφεύγω
293 1306 418 1347 φεύγων
435 1307 516 1336 1231

129 1352 257 1391 ἐκφύειν
272 1351 311 1381 de
327 1354 426 1380 matre
443 1351 482 1379 34

129 1395 270 1427 ἑλίσσειν
285 1397 304 1425 3

130 1439 212 1478 ἐμός.
229 1436 334 1477 ὁύμὸς,
350 1434 467 1474 τούμὸν
478 1443 496 1464 a
510 1432 641 1464 librariis
653 1432 777 1463 invecta

173 1492 230 1523 pro
248 1480 332 1520 ἐμὸς,
348 1479 421 1519 ἐμὸν
438 1480 501 1509 658

131 1524 305 1564 ἐμπίπτειν.
320 1522 361 1554 τὰ
378 1519 555 1560 ἐμπεσόντα
572 1521 655 1550 1422

130 1568 289 1606 ἐμπλῆσαι
306 1571 337 1597 et
353 1566 512 1601 ἐκπλῆσαι
528 1562 658 1593 confusa
672 1563 732 1592 173

131 1611 304 1652 ἔμπροσθεν
318 1615 349 1640 et
363 1607 490 1639 ὄπισθεν
505 1605 636 1636 confusa
652 1607 733 1636 1425

130 1654 251 1694 ἔμπυρα
269 1653 392 1693 ὄμματα
406 1652 491 1681 1396

131 1698 270 1736 ἔναγχος
294 1705 355 1726 vox
378 1692 520 1734 Tragicis
544 1701 608 1722 non
632 1694 781 1730 usurpata

133 1783 257 1816 ἐνάλιος
272 1786 303 1814 3.
326 1778 447 1812 ἐνάλιος
471 1784 504 1809 et
524 1776 686 1808 Ἐνυάλιος
705 1785 781 1806 con-

176 1827 247 1857 fusa
264 1828 347 1857 1172

135 1868 279 1901 ἐναντίαν
294 1873 326 1898 et
341 1866 487 1898 ἐναντίων
504 1864 636 1895 confusa
652 1864 734 1894 1271

134 1913 264 1944 ἔναυλος
277 1913 360 1943 1589

135 1957 310 1996 ἐνδελεχῶς
325 1951 372 1984 ἀεὶ
393 1954 473 1984 1422

136 1999 318 2039 ἐνδέχεσθαι
356 2000 389 2026 et
425 1993 611 2034 ἐκδέχεσθαι
653 1989 783 2022 confusa

178 2045 241 2074 469

136 2084 227 2116 ἕνεκα
242 2081 494 2124 subaudiendum
511 2081 595 2110 1386

137 2128 258 2159 ἐνθένθε
271 2132 303 2157 et
318 2126 405 2157 ἔνθεν
420 2122 452 2154 δὲ
466 2122 597 2152 confusa
613 2122 697 2152 1419

138 2171 269 2202 ἔνοπλος
285 2175 316 2200 et
330 2169 461 2201 εὔοπλος
477 2164 608 2194 confusa
622 2166 685 2195 809

137 2214 298 2254 ἐντρέφειν
311 2218 344 2242 et
360 2207 543 2250 ἀνατρέφειν
558 2207 688 2237 confusa
698 2207 761 2236 379

137 2256 298 2289 Ἐνυάλιος
311 2260 343 2285 et
358 2252 480 2285 ἐνάλιος
495 2250 624 2280 confusa
638 2250 723 2280 1172

137 2300 261 2340 ἔνυδρος
276 2304 308 2329 et
324 2298 446 2338 εὔϋδρος
458 2293 588 2325 confusa
599 2294 663 2323 669

138 2344 266 2383 ἐξαιρεῖν
282 2344 346 2373 526

133 2386 262 2427 ἐξαίρειν
277 2387 341 2416 526

135 2428 348 2470 ἐξαλλάσσειν
369 2429 400 2456 et
421 2420 640 2454 ἀπαλλάσσειν
652 2419 782 2452 confusa

179 2474 262 2503 1424

133 2514 272 2554 ἐξανίημι
286 2515 348 2545 463

136 2557 303 2597 ἐξανύτειν,
322 2553 498 2595 ἐξανύττειν
513 2553 575 2583 463

135 2600 271 2641 ἐξανύειν
285 2601 361 2631 463.
379 2599 442 2627 526

133 2645 263 2684 ἐξαυδᾷν
277 2648 309 2674 et
323 2639 501 2682 προσαυδᾷν
515 2636 644 2670 confusa
661 2635 743 2667 1264

577 70 751 103 INDEX
777 67 1017 102 GRAECUS.

818 178 993 219 ἐξεικάζειν.
1018 178 1069 210 De
1087 182 1255 220 augmento
1270 176 1364 218 hujus
1379 176 1465 208 verbi

818 265 986 305 ἐξείκασμα
1001 266 1135 306 στέρνων
1150 268 1213 297 164

818 309 912 349 ἔξεχ’,
930 308 952 339 ὦ
969 309 1036 348 φίλ’
1051 310 1121 347 ἥλιε
1137 311 1202 340 556

819 351 1040 390 ἐξολισθάνειν,
1057 364 1121 383 non
1138 349 1367 391 ἐξολισθαίνειν,
1384 347 1464 379 anti-

863 395 934 435 quis
949 402 1134 437 usurpatum
1151 398 1235 426 1398

820 436 920 468 ἔοικεν
935 449 963 468 c.
978 438 1093 471 infinit.
1108 449 1173 470 aor.
1188 438 1247 468 fut.
1263 438 1345 468 1441

820 480 956 512 ἔπαθλον
973 484 1055 514 1277

819 524 956 556 ἐπακτὸς
972 528 1033 556 351

820 566 1030 606 ἐπαλαλάζειν
1049 570 1130 598 1410

820 610 1026 642 ἐπαντέλλειν
1044 613 1105 642 103

821 653 887 685 ἐπεὶ
903 659 936 684 et
948 654 987 685 ὡς
1002 654 1131 685 confusa
1146 655 1229 684 1443

822 696 930 728 ἔπειτα
941 698 1021 736 μετὰ
1035 697 1136 727 ταῦτα
1153 697 1235 726 1277

821 740 989 777 ἐπέσσυτο,
1007 739 1140 771 ἐπέσυτο
1161 740 1239 769 1081

822 783 927 823 ἐπέχω
943 794 1014 814 cum
1030 781 1195 823 participio
1211 783 1274 812 459

823 827 872 858 ἐπὶ
889 837 960 857 cum
973 826 1070 867 genit.
1085 831 1117 856 et
1130 824 1195 854 dat.
1212 826 1343 854 1147.e.
1356 823 1421 853 dat.
1437 828 1469 852 et

864 880 969 900 accus,
998 872 1093 901 1391.
1120 867 1168 898 ἐπὶ
1194 872 1227 897 et
1254 866 1315 898 ἀπὸ
1340 866 1468 896 confusa

1343 691 1363 698 ν

868 916 963 944 1238.
981 912 1029 943 ἐπὶ
1043 918 1075 941 et
1092 912 1122 942 ἐς
1139 922 1164 941 s·
1182 911 1222 941 εἰς
1237 910 1370 940 confusa
1383 911 1423 940 77

824 955 965 996 ἐπίδειξις
980 961 1013 986 et
1028 954 1180 993 ἀπόδειξις
1195 952 1324 983 confusa
1341 955 1404 983 885

823 998 950 1030 ἐπιέναι.
974 998 994 1036 ἦ
1021 999 1151 1029 ἐπιοῦσα
1175 994 1283 1036 ἡμέρα,
1307 995 1328 1032 ’ἦ
1342 995 1470 1025 ἐπιοῦσα

866 1042 991 1081 λαμπὰς
1013 1042 1095 1082 Θεοῦ,
1120 1040 1157 1071 τὸ
1180 1038 1265 1070 ἐπιὸν
1288 1039 1385 1070 σέλας
1401 1038 1471 1068 θεοῦ

868 1088 949 1116 1651

823 1127 978 1168 ἐπιζαρεῖν
995 1130 1036 1159 45

824 1170 1013 1210 ἐπινωτίζειν
1027 1174 1090 1203 663

823 1214 1027 1254 ἐπιστείχειν.
1063 1213 1083 1252 ἡ
1115 1211 1338 1252 ἐπιστείχουσα
1373 1209 1471 1251 ἡμέρα

867 1261 949 1290 1651

824 1299 1068 1342 ἐπιστρατεύειν.
1114 1298 1167 1329 De
1188 1297 1422 1330 constructione
1439 1297 1469 1327 h.

867 1355 898 1374 v.
915 1346 978 1375 292

823 1388 897 1419 ἔπος
913 1389 975 1418 892

824 1428 1002 1469 ἐποτοτύζω
1020 1431 1103 1460 1052

824 1473 1003 1505 ἑπτάπυλος
1040 1478 1073 1503 et
1110 1469 1306 1510 ἑπτάπυργος
1342 1468 1472 1501 confusa

825 1559 919 1600 ἔργον
934 1564 967 1589 et
982 1559 1080 1598 λόγος
1095 1569 1118 1589 s.
1136 1557 1233 1596 ὄνομα
1248 1554 1395 1597 opposita
1407 1558 1470 1586 512

827 1603 965 1643 ἐρεύγειν
977 1605 1039 1633 463

825 1645 988 1687 Ἐριννύων
1002 1644 1185 1686 trisyllabon
1201 1645 1286 1675 1327

818 1688 1000 1729 -ἕρμήνευμα
1013 1692 1030 1720 4
1037 1692 1077 1719 So

827 1732 930 1774 ἔρυμα.
966 1732 1016 1761 De
1032 1731 1208 1771 quantitate
1222 1730 1253 1759 h.
1271 1739 1298 1759 v,
1313 1729 1389 1760 997.
1412 1725 1473 1767 [V.

870 1775 1004 1806 Porsoni
1021 1773 1202 1805 Miscellan.
1221 1783 1251 1814 p.
1268 1774 1342 1804 128.
1368 1771 1410 1801 G.
1424 1770 1471 1801 H.

871 1819 928 1859 S.]

828 1860 976 1902 ἔρχεσθαι
991 1870 1064 1890 eum
1079 1859 1260 1890 accusativo
1274 1854 1352 1889 837:
1371 1856 1473 1888 ἐλθεῖν

870 1912 902 1935 et
918 1905 1002 1935 ἑλεῖν
1016 1903 1146 1933 confusa
1160 1905 1222 1934 767

827 1947 858 1979 ἐς
877 1950 969 1978 1467.
984 1947 1014 1978 ἐς
1029 1951 1062 1975 et
1077 1945 1126 1977 ἐπὶ
1143 1945 1275 1976 confusa
1288 1946 1329 1974 77

825 1990 962 2028 >ἑστίαμα
977 2001 1038 2020 τινι
1053 1992 1115 2020 948

829 2033 875 2064 ἔτι
899 2033 1069 2074 anquando
1090 2042 1108 2061 a
1124 2030 1321 2061 librariorum
1336 2028 1472 2060 liberali-

871 2081 936 2106 tate
954 2075 1099 2116 provenit
1117 2077 1197 2105 1605

796 2124 802 2129 ’
828 2118 949 2158 ἕτοιμος
964 2118 1029 2148 sine
1041 2118 1132 2148 verbo
1144 2115 1339 2147 substantivo
1355 2119 1387 2145 et
1402 2123 1473 2144 cum

871 2172 909 2192 eo
925 2164 987 2192 983

828 2211 938 2235 ευ-εῑ
955 2203 1146 2235 a-confusa
1159 2205 1222 2233 217

819 2246 870 2278 εὖ.
891 2247 942 2278 καὶ
958 2256 1113 2287 nunquam
1131 2245 1233 2276 crasin
1248 2244 1325 2274 facit
1339 2252 1412 2274 cum
1427 2239 1471 2277 εὖ,

869 2291 929 2321 nisi
946 2290 976 2320 in
993 2289 1176 2330 compositis
1193 2291 1278 2320 1422

828 2331 978 2369 εὐβουλία
993 2336 1055 2364 783

827 2377 944 2408 εὔειλος
957 2381 990 2406 et
1005 2374 1127 2412 εὐήλιος
1142 2373 1272 2405 confusa
1285 2375 1347 2404 685

827 2419 949 2456 εὐήλιος
961 2425 993 2449 et
1009 2419 1126 2449 εὕειλος
1142 2417 1272 2448 confusa
1285 2418 1347 2447 685

826 2463 915 2494 Εὔϊος
935 2465 998 2493 666

827 2504 1032 2546 εὐκάρπιστος
1047 2506 1110 2535 216

825 2548 898 2585 εὐνὴ
929 2552 1005 2581 960.
1042 2547 1132 2584 εὐνῆς
1168 2543 1330 2580 ἅπτεσθαι,
1369 2544 1468 2583 θιγεῖν

867 2594 930 2622 960

824 2634 954 2667 εὔοπλος
970 2640 1001 2666 et
1016 2633 1145 2667 ἔνοπλος
1159 2630 1289 2665 confusa
1306 2631 1369 2661 809
