1606 2803
544 665 1012 729 EKABH.

103 1094 269 1148 Ειὸωλ.
302 1095 489 1158 ”ΗΚΩ,
518 1099 664 1169 νεκξῶν
691 1099 925 1165 κευθμῶνα
951 1096 1032 1148 καὶ
1056 1096 1220 1150 σκότου
1242 1096 1395 1156 πύλας

355 1171 374 1188 r!
395 1173 403 1187 ν
420 1170 441 1190 el

176 1169 323 1233 λιπὼν,
352 1196 387 1223 ιν

443 1171 587 1231 Αιδης
609 1172 744 1244 χωξὶς
773 1170 966 1240 ᾤκισται
995 1174 1104 1233 θεῶν,

178 1244 457 1318 Πολύόωξος,
482 1247 700 1310 ‘Em'cssng
728 1251 835 1305 παῖς
865 1244 1013 1312 ’γεγὼς
1041 1249 1118 1306 τῆς
1157 1248 1371 1307 Κισσέως,

149 1403 180 1431 l.
213 1399 333 1431 Locum
371 1400 453 1432 hunc
490 1400 617 1432 liberius
661 1401 752 1431 vertit

102 1442 206 1476 Poeta
233 1443 318 1484 apud
344 1443 533 1475 Ciceronem
547 1445 642 1475 Tusc.
659 1445 679 1475 i.
700 1448 750 1476 16.

108 1492 128 1505 “
143 1487 269 1518 Adsum
288 1492 384 1527 atque
404 1487 539 1518 advenio
567 1487 751 1518 Acheronte

104 1530 153 1560 vix
164 1530 217 1561 via
228 1530 292 1561 alta
306 1536 403 1571 atque
416 1531 545 1562 ardua.’'
578 1530 666 1561 Inter
680 1531 750 1562 loca

104 1573 316 1614 Tragicorum,
331 1583 401 1614 quae
414 1574 582 1605 AEschines
614 1585 750 1615 pronun-

105 1616 219 1647 ciando
235 1617 419 1658 corruperit,
435 1618 518 1648 hunc
531 1623 673 1648 recenset
683 1617 750 1648 De-

105 1660 286 1690 mosthenes
294 1659 333 1690 de
346 1660 470 1691 Corona
479 1672 511 1701 p.
521 1663 581 1692 571
589 1683 596 1692 .
604 1660 654 1691 ed.
662 1661 752 1703 Tayl.

105 1703 130 1732 A
138 1709 223 1743 perte
232 1704 314 1734 ridet
321 1703 548 1744 Aristophanes
559 1714 575 1734 a
579 1703 645 1744 pud.
653 1705 752 1734 Athe·

105 1755 209 1777 naeum
222 1747 277 1777 xii.
292 1757 326 1788 p.
340 1749 416 1778 551.
429 1747 468 1777 Β.
504 1746 564 1779 Καὶ
576 1746 625 1779 τίς
638 1749 754 1787 νεκρῶν

105 1791 264 1828 κευθμῶνα
293 1788 345 1820 καὶ
371 1789 488 1821 σκότου
511 1789 614 1822 πύλας
649 1790 752 1829 “E-rm

105 1834 287 1870 κατελθεῖν;
308 1833 420 1863 tectius
438 1843 511 1864 vero
525 1833 643 1864 ibidem
660 1834 704 1864 iii.
719 1845 753 1875 p.

107 1878 181 1907 112.
197 1876 232 1907 F.
267 1875 357 1907 ’Ἥκω
369 1876 542 1917 Θεαρίωνος
557 1876 753 1915 ἀρτοπώλιον

104 1918 219 1956 Λιπὼν,
230 1919 269 1951 ἵν’
286 1919 356 1951 ἐστὶ
366 1918 520 1961 κριβάνων
535 1920 658 1952 ἑδώλια.
683 1922 753 1961 (Sic

105 1967 190 1994 recte
203 1962 342 2003 Toupius
357 1963 492 1994 Emend.
518 1964 557 1993 ad
576 1964 664 1994 Suid.
684 1965 719 1994 P.
737 1965 757 1995 i.

108 2015 140 2045 p.
157 2009 208 2037 15.
253 2005 332 2036 Aldi
346 2006 431 2036 enim
446 2006 545 2037 editio
559 2006 704 2047 Θεαρίων,
723 2007 757 2038 ’ὸς

106 2047 156 2089 ἆ.)
199 2047 312 2079 Totum
336 2049 494 2080 distichon
522 2049 557 2079 in
588 2060 662 2080 usus
685 2061 756 2080 suos

106 2090 262 2122 convertit
277 2091 452 2133 Menippus
472 2092 505 2122 in
530 2093 664 2124 Luciani
688 2093 754 2124 Ne-

108 2135 295 2175 cyomantia.
319 2135 442 2175 fingens
465 2145 498 2166 se
521 2136 560 2166 ab
585 2136 693 2167 inferis
707 2147 756 2168 re-

108 2177 213 2208 diisse.
273 2177 389 2208 Christi
426 2178 579 2209 Patientis
601 2179 756 2217 conditor,

108 2220 203 2261 vulgo
219 2220 322 2252 dictus
337 2220 506 2262 Gregorius
522 2221 757 2260 Nazianzenus,

109 2263 162 2303 qui
172 2263 253 2294 hanc
267 2264 408 2294 fabulam
417 2274 484 2295 raro
494 2264 583 2302 citat,
596 2266 677 2296 hunc
690 2276 758 2296 ver-

110 2315 177 2337 sum
193 2307 288 2337 habet
307 2307 417 2337 leviter
442 2312 594 2338 mutatum
612 2311 708 2340 1506.
726 2315 761 2340 ut

111 2354 143 2379 et
158 2349 241 2380 hunc
257 2360 328 2380 cum
343 2351 487 2391 sequenti
503 2354 601 2383 2021.
618 2355 716 2384 2022.

155 2395 189 2423 2.
211 2392 307 2430 Quod
323 2403 373 2424 me
388 2394 545 2435 facturum
565 2394 606 2424 ad
621 2395 712 2427 Med.
727 2398 759 2427 6.

111 2439 231 2465 tantum
257 2446 322 2466 non
349 2437 561 2477 promiseram,
588 2448 671 2469 nunc
687 2439 760 2475 feci,

114 2483 149 2508 ut
162 2478 284 2510 scilicet
294 2479 358 2510 iota
368 2479 402 2510 in
419 2485 505 2510 textu
521 2480 680 2522 scriptoris
691 2481 761 2512 red-

113 2519 219 2552 dendo
241 2532 365 2563 semper
379 2523 565 2554 adscribam.
608 2524 645 2555 In
668 2524 764 2556 Notis

113 2568 233 2595 tantam
256 2566 452 2606 diligentiam
468 2576 570 2608 neque
595 2567 663 2608 ipse
685 2579 762 2610 prae-

115 2605 213 2644 stabo,
230 2618 333 2650 neque
349 2610 389 2640 ab
412 2609 516 2650 operis
540 2611 674 2651 exigam.
720 2612 765 2643 Ut

114 2655 219 2683 autem
236 2651 356 2695 aliquid
371 2652 474 2685 saltim
490 2653 635 2686 utilitatis
652 2664 690 2686 ex
705 2655 764 2687 hac

796 1400 1012 1432 observatione
1028 1406 1237 1443 consequatur
1252 1401 1378 1438 Lector,
1394 1412 1445 1433 cx-

795 1445 935 1485 emplum
948 1455 1044 1475 unum
1059 1454 1228 1486 apponam.
1263 1445 1373 1476 Sciunt
1393 1447 1449 1488 qui

796 1489 888 1517 variis
901 1488 1086 1518 lectionibus
1094 1487 1311 1529 expendendis
1320 1498 1448 1530 operam

795 1530 1310 1572 aliqua11dodedere‚quotiesNet
1319 1532 1447 1563 Hcom-

796 1580 963 1605 mutentur.
1001 1575 1219 1605 Archestratus
1237 1575 1381 1606 Athenaei
1394 1576 1449 1606 vii.

795 1627 829 1657 p.
848 1621 923 1648 305.
947 1617 985 1648 E.
1017 1617 1077 1649 κᾶν
1092 1617 1262 1659 ἰσόχρυσος
1278 1617 1337 1655 ἔηι,
1348 1619 1448 1649 citans

797 1659 980 1691 Eustathius
1005 1662 1044 1690 ad
1069 1661 1133 1691 Od.
1158 1666 1194 1693 T.
1220 1672 1251 1702 p.
1279 1664 1446 1693 187217.

796 1706 925 1735 =706.
940 1707 971 1734 8.
987 1704 1063 1744 legit
1079 1703 1134 1736 ἔνι.
1166 1704 1204 1734 In
1221 1705 1333 1735 eodem
1347 1705 1450 1735 Athe·

798 1758 868 1778 naeo
886 1747 950 1778 xiii.
967 1757 998 1788 p.
1021 1749 1095 1779 599.
1117 1747 1161 1779 D.
1177 1753 1345 1789 πορφυρενι
1366 1754 1450 1779 recte

796 1791 853 1821 viri
885 1790 971 1821 docti
1007 1790 1039 1820 in
1071 1790 1242 1832 πορφυρέηι
1278 1796 1449 1822 mutarunt.

797 1834 943 1865 Pratinas
966 1834 1049 1874 apud
1079 1835 1212 1865 eundem
1236 1833 1299 1867 xiv.
1322 1844 1354 1875 p.
1371 1837 1449 1866 622.

799 1878 838 1909 C.
854 1877 908 1919 (ut
922 1877 1058 1917 conjicio
1073 1888 1109 1907 ex
1133 1888 1163 1918 p.
1190 1880 1265 1908 624.
1281 1877 1336 1918 F.)
1381 1877 1448 1913 Σοὶ,

797 1920 916 1960 Βάκχε,
928 1918 1022 1951 τάνδε
1034 1921 1154 1959 μοῦσαν
1176 1919 1382 1960 ἀγλαίζομεν,
1399 1922 1450 1952 ‘A-

801 1963 1023 2003 πλοῦνρυθμὸν
1032 1964 1165 2003 χέοντες
1175 1962 1273 2004 αἰόλῳ
1280 1963 1382 2003 μέλει,
1391 1964 1452 1996 Καὶ

800 2007 863 2047 μὰν
887 2005 1114 2046 ἀπαρθένευτον
1142 2007 1208 2038 οὔτι
1249 2009 1318 2040 ταῖς
1354 2007 1453 2047 πάρος

802 2051 989 2091 Κεχρήμεθα
1004 2051 1192 2086 πανώδασιν,
1209 2050 1283 2083 ἀλλ’
1297 2051 1453 2092 ἀκήρατον

801 2092 1013 2134 Κατάρχομεν
1037 2093 1095 2124 τὸν
1120 2093 1226 2133 ὕμνον.
1279 2094 1360 2125 Cum
1389 2096 1453 2127 ΜΒ.

802 2136 844 2167 A.
861 2137 915 2167 det
929 2138 1267 2176 κεχρημεηανωδαισιν,
1284 2137 1365 2179 iege,
1377 2141 1456 2169 Και-

802 2179 870 2221 νὰν,
893 2178 1132 2221 ἀπαρθένευτον,
1161 2180 1229 2211 οὔτι
1256 2182 1325 2213 ταῖς
1354 2181 1453 2223 πάρος

803 2222 1009 2264 Κεχρημέναν
1023 2223 1159 2263 ᾠδαῖσιν.
1194 2223 1326 2254 Versum
1341 2235 1452 2255 secun-

804 2268 878 2297 dum
906 2265 1034 2297 include
1062 2266 1253 2306 parenthesi,
1290 2272 1321 2297 et
1352 2267 1454 2309 junge

803 2310 925 2348 μοῦσαν
939 2309 1059 2344 καινὰν,
1076 2320 1105 2340 κ.
1118 2322 1147 2340 τ.
1162 2314 1195 2340 λ.
1242 2309 1280 2339 In
1307 2310 1369 2341 fine
1385 2311 1456 2341 libri

804 2364 854 2385 xv.
872 2364 904 2394 p.
918 2354 994 2385 701.
1010 2352 1045 2383 F.
1062 2352 1128 2383 haec
1145 2351 1264 2394 praebet
1289 2352 1372 2383 idem
1390 2354 1457 2384 Ms.

805 2406 931 2447 δίμυξον
955 2404 988 2436 δὲ
1017 2404 1143 2445 λύχνον
1170 2405 1271 2446 εἴρηκε
1286 2412 1457 2447 φιλυλλιος

936 2448 1034 2480 muca)
1049 2448 1209 2490 θρυαλλίδ’
1224 2450 1339 2489 ηνδενί·
1372 2452 1457 2482 unde

807 2492 1052 2534 perfectissimus
1087 2491 1227 2523 nascitur
1260 2494 1456 2526 trochaicus:

809 2535 870 2567 Καὶ
885 2535 1007 2576 λύχνον
1023 2534 1148 2575 δίμυξον
1168 2535 1254 2574 οἴσω,
1268 2536 1320 2569 καὶ
1345 2539 1456 2578 θρυαλ-

808 2578 883 2618 λίδ’,
896 2578 935 2616 ἢν
946 2578 1023 2618 δέηε.

854 2625 884 2653 3.
909 2621 1092 2664 Dymantis,
1110 2632 1175 2653 non
1202 2621 1341 2658 Cisseos,
1362 2622 1459 2654 filiam

809 2665 975 2698 Hecubam
1000 2665 1077 2698 facit
1098 2664 1255 2698 Homerus
1270 2666 1309 2697 11.
1325 2671 1364 2699 Π.
1382 2670 1458 2700 718,
