<?xml version="1.0" encoding="UTF-8"?>
<!DOCTYPE html PUBLIC "-//W3C//DTD XHTML 1.0 Transitional//EN"
    "http://www.w3.org/TR/xhtml1/DTD/xhtml1-transitional.dtd">
<html xmlns="http://www.w3.org/1999/xhtml" xml:lang="en" lang="en">
 <head>
  <title>
</title>
<meta http-equiv="Content-Type" content="text/html;charset=utf-8" />
  <meta name='ocr-system' content='tesseract 3.04.00' />
  <meta name='ocr-capabilities' content='ocr_page ocr_carea ocr_par ocr_line ocrx_word'/>
</head>
<body>
  <div class='ocr_page' id='page_1' title='image "./hecubaorestesph00euriuoft/hecubaorestesph00euriuoft_0014.png"; bbox 0 0 1566 2789; ppageno 0'>
   <div class='ocr_carea' id='block_1_1' title="bbox 151 73 954 115">
    <p class='ocr_par' dir='ltr' id='par_1_1' title="bbox 151 73 954 115">
     <span class='ocr_line' id='line_1_1' title="bbox 151 73 954 115; baseline 0 -1"><span class='ocrx_word' id='word_1_1' title='bbox 151 73 184 114; x_wconf 86' lang='lat' dir='ltr'>ii</span> <span class='ocrx_word' id='word_1_2' title='bbox 674 84 954 115; x_wconf 76' lang='lat' dir='ltr'>PRAEFA&#39;rlo.</span> 
     </span>
    </p>
   </div>
   <div class='ocr_carea' id='block_1_2' title="bbox 153 182 1479 2547">
    <p class='ocr_par' dir='ltr' id='par_1_2' title="bbox 153 182 1474 349">
     <span class='ocr_line' id='line_1_2' title="bbox 209 182 1472 239; baseline 0.002 -15"><span class='ocrx_word' id='word_1_3' title='bbox 209 182 304 235; x_wconf 69' lang='grc' dir='ltr'>Ἀεὶ,</span> <span class='ocrx_word' id='word_1_4' title='bbox 325 184 541 226; x_wconf 84' lang='lat' dir='ltr'>Piersono</span> <span class='ocrx_word' id='word_1_5' title='bbox 556 185 752 239; x_wconf 84' lang='lat' dir='ltr'>jubente,</span> <span class='ocrx_word' id='word_1_6' title='bbox 780 185 1005 227; x_wconf 87' lang='lat' dir='ltr'>Brunckio</span> <span class='ocrx_word' id='word_1_7' title='bbox 1039 198 1125 226; x_wconf 87' lang='lat' dir='ltr'>non</span> <span class='ocrx_word' id='word_1_8' title='bbox 1146 186 1337 236; x_wconf 87' lang='lat' dir='ltr'>nolente,</span> <span class='ocrx_word' id='word_1_9' title='bbox 1360 199 1472 226; x_wconf 60' lang='lat' dir='ltr'>sem=e</span> 
     </span>
     <span class='ocr_line' id='line_1_3' title="bbox 154 242 1474 296; baseline 0.001 -15"><span class='ocrx_word' id='word_1_10' title='bbox 154 254 236 295; x_wconf 84' lang='lat' dir='ltr'>per</span> <span class='ocrx_word' id='word_1_11' title='bbox 267 242 360 282; x_wconf 88' lang='lat' dir='ltr'>sine</span> <span class='ocrx_word' id='word_1_12' title='bbox 397 242 669 296; x_wconf 81' lang='lat' dir='ltr'>diphthongo</span> <span class='ocrx_word' id='word_1_13' title='bbox 702 244 877 296; x_wconf 78' lang='lat' dir='ltr'><strong>scripsi,</strong></span> <span class='ocrx_word' id='word_1_14' title='bbox 915 242 1031 283; x_wconf 84' lang='lat' dir='ltr'>idem</span> <span class='ocrx_word' id='word_1_15' title='bbox 1062 242 1258 283; x_wconf 81' lang='lat' dir='ltr'>facturus</span> <span class='ocrx_word' id='word_1_16' title='bbox 1278 243 1321 283; x_wconf 89' lang='lat' dir='ltr'>in</span> <span class='ocrx_word' id='word_1_17' title='bbox 1354 244 1474 291; x_wconf 59' lang='grc' dir='ltr'>ἀετὸς,</span> 
     </span>
     <span class='ocr_line' id='line_1_4' title="bbox 153 297 549 349; baseline 0.005 -12"><span class='ocrx_word' id='word_1_18' title='bbox 153 297 263 338; x_wconf 77' lang='grc' dir='ltr'>κλάω</span> <span class='ocrx_word' id='word_1_19' title='bbox 284 303 326 339; x_wconf 85' lang='lat' dir='ltr'>et</span> <span class='ocrx_word' id='word_1_20' title='bbox 346 297 442 338; x_wconf 69' lang='grc' dir='ltr'><strong>κείω.</strong></span> <span class='ocrx_word' id='word_1_21' title='bbox 474 299 549 349; x_wconf 83' lang='lat' dir='ltr'>(B)</span> 
     </span>
    </p>

    <p class='ocr_par' dir='ltr' id='par_1_3' title="bbox 153 355 1477 1373">
     <span class='ocr_line' id='line_1_5' title="bbox 213 355 1473 409; baseline 0.001 -13"><span class='ocrx_word' id='word_1_22' title='bbox 213 355 462 396; x_wconf 82' lang='lat' dir='ltr'>Brunckius</span> <span class='ocrx_word' id='word_1_23' title='bbox 485 355 705 396; x_wconf 88' lang='lat' dir='ltr'>secundas</span> <span class='ocrx_word' id='word_1_24' title='bbox 727 355 862 396; x_wconf 81' lang='lat' dir='ltr'>futuri</span> <span class='ocrx_word' id='word_1_25' title='bbox 885 355 1052 408; x_wconf 80' lang='lat' dir='ltr'>passivi</span> <span class='ocrx_word' id='word_1_26' title='bbox 1074 355 1299 397; x_wconf 78' lang='lat' dir='ltr'>indicativi</span> <span class='ocrx_word' id='word_1_27' title='bbox 1318 369 1473 409; x_wconf 73' lang='lat' dir='ltr'>perso-</span> 
     </span>
     <span class='ocr_line' id='line_1_6' title="bbox 153 412 1471 468; baseline -0.001 -14"><span class='ocrx_word' id='word_1_28' title='bbox 153 426 236 454; x_wconf 79' lang='lat' dir='ltr'>nas</span> <span class='ocrx_word' id='word_1_29' title='bbox 258 414 300 453; x_wconf 90' lang='lat' dir='ltr'>in</span> <span class='ocrx_word' id='word_1_30' title='bbox 323 430 350 452; x_wconf 83' lang='grc' dir='ltr'>ει</span> <span class='ocrx_word' id='word_1_31' title='bbox 373 425 560 465; x_wconf 79' lang='lat' dir='ltr'><strong>semper,</strong></span> <span class='ocrx_word' id='word_1_32' title='bbox 577 426 665 453; x_wconf 91' lang='lat' dir='ltr'>non</span> <span class='ocrx_word' id='word_1_33' title='bbox 681 413 725 452; x_wconf 90' lang='lat' dir='ltr'>in</span> <span class='ocrx_word' id='word_1_34' title='bbox 748 430 780 468; x_wconf 81' lang='grc' dir='ltr'>ῃ,</span> <span class='ocrx_word' id='word_1_35' title='bbox 804 412 1077 462; x_wconf 79' lang='lat' dir='ltr'>terminavit3</span> <span class='ocrx_word' id='word_1_36' title='bbox 1109 413 1323 454; x_wconf 87' lang='lat' dir='ltr'>secundas</span> <span class='ocrx_word' id='word_1_37' title='bbox 1339 414 1471 453; x_wconf 85' lang='lat' dir='ltr'>etiarn</span> 
     </span>
     <span class='ocr_line' id='line_1_7' title="bbox 153 468 1473 522; baseline 0 -12"><span class='ocrx_word' id='word_1_38' title='bbox 153 470 388 522; x_wconf 78' lang='lat' dir='ltr'>praesentis</span> <span class='ocrx_word' id='word_1_39' title='bbox 418 482 498 522; x_wconf 90' lang='lat' dir='ltr'>ego</span> <span class='ocrx_word' id='word_1_40' title='bbox 539 470 595 509; x_wconf 89' lang='lat' dir='ltr'>ad</span> <span class='ocrx_word' id='word_1_41' title='bbox 617 470 797 509; x_wconf 83' lang='lat' dir='ltr'>eandem</span> <span class='ocrx_word' id='word_1_42' title='bbox 818 470 1001 509; x_wconf 86' lang='lat' dir='ltr'>formam</span> <span class='ocrx_word' id='word_1_43' title='bbox 1022 468 1191 509; x_wconf 80' lang='lat' dir='ltr'>reduxi.</span> <span class='ocrx_word' id='word_1_44' title='bbox 1250 469 1473 521; x_wconf 76' lang='lat' dir='ltr'>Analogia</span> 
     </span>
     <span class='ocr_line' id='line_1_8' title="bbox 154 526 1473 579; baseline 0 -13"><span class='ocrx_word' id='word_1_45' title='bbox 154 539 314 579; x_wconf 80' lang='lat' dir='ltr'>nempe</span> <span class='ocrx_word' id='word_1_46' title='bbox 335 527 545 579; x_wconf 85' lang='lat' dir='ltr'>postulat,</span> <span class='ocrx_word' id='word_1_47' title='bbox 578 531 629 566; x_wconf 86' lang='lat' dir='ltr'>ut</span> <span class='ocrx_word' id='word_1_48' title='bbox 664 526 832 566; x_wconf 86' lang='lat' dir='ltr'>vocalis</span> <span class='ocrx_word' id='word_1_49' title='bbox 861 526 1126 578; x_wconf 71' lang='lat' dir='ltr'>corripiatur</span> <span class='ocrx_word' id='word_1_50' title='bbox 1147 526 1191 565; x_wconf 90' lang='lat' dir='ltr'>in</span> <span class='ocrx_word' id='word_1_51' title='bbox 1213 527 1473 575; x_wconf 83' lang='lat' dir='ltr'>indicativo,</span> 
     </span>
     <span class='ocr_line' id='line_1_9' title="bbox 154 580 1472 636; baseline -0.001 -14"><span class='ocrx_word' id='word_1_52' title='bbox 154 583 430 636; x_wconf 78' lang='lat' dir='ltr'>producatur</span> <span class='ocrx_word' id='word_1_53' title='bbox 462 584 507 622; x_wconf 91' lang='lat' dir='ltr'>in</span> <span class='ocrx_word' id='word_1_54' title='bbox 541 582 837 635; x_wconf 78' lang='lat' dir='ltr'>subjunctivo,</span> <span class='ocrx_word' id='word_1_55' title='bbox 870 580 1070 634; x_wconf 74' lang='grc' dir='ltr'><em>τύπτομαι,</em></span> <span class='ocrx_word' id='word_1_56' title='bbox 1101 581 1241 632; x_wconf 78' lang='grc' dir='ltr'><strong><em>τύπτει,</em></strong></span> <span class='ocrx_word' id='word_1_57' title='bbox 1280 582 1472 631; x_wconf 64' lang='grc' dir='ltr'>τύπτεται,</span> 
     </span>
     <span class='ocr_line' id='line_1_10' title="bbox 155 638 1471 695; baseline 0.002 -17"><span class='ocrx_word' id='word_1_58' title='bbox 155 638 371 692; x_wconf 73' lang='grc' dir='ltr'>τύπτωμαι,</span> <span class='ocrx_word' id='word_1_59' title='bbox 394 638 520 695; x_wconf 80' lang='grc' dir='ltr'>τύπτῃ,</span> <span class='ocrx_word' id='word_1_60' title='bbox 539 638 738 687; x_wconf 75' lang='grc' dir='ltr'>τύπτηται.</span> <span class='ocrx_word' id='word_1_61' title='bbox 781 638 940 692; x_wconf 84' lang='lat' dir='ltr'><strong>Neque</strong></span> <span class='ocrx_word' id='word_1_62' title='bbox 965 652 1112 680; x_wconf 79' lang='lat' dir='ltr'>causae</span> <span class='ocrx_word' id='word_1_63' title='bbox 1131 641 1372 693; x_wconf 82' lang='lat' dir='ltr'>quicquam</span> <span class='ocrx_word' id='word_1_64' title='bbox 1389 646 1471 688; x_wconf 81' lang='lat' dir='ltr'>est,</span> 
     </span>
     <span class='ocr_line' id='line_1_11' title="bbox 156 695 1472 749; baseline 0 -13"><span class='ocrx_word' id='word_1_65' title='bbox 156 709 291 749; x_wconf 89' lang='lat' dir='ltr'>quare</span> <span class='ocrx_word' id='word_1_66' title='bbox 305 697 512 737; x_wconf 81' lang='lat' dir='ltr'>codicum</span> <span class='ocrx_word' id='word_1_67' title='bbox 533 698 770 736; x_wconf 84' lang='lat' dir='ltr'>auctoritas</span> <span class='ocrx_word' id='word_1_68' title='bbox 788 695 1049 749; x_wconf 83' lang='lat' dir='ltr'>objiciatur;</span> <span class='ocrx_word' id='word_1_69' title='bbox 1081 697 1122 735; x_wconf 85' lang='lat' dir='ltr'>iu</span> <span class='ocrx_word' id='word_1_70' title='bbox 1136 697 1201 736; x_wconf 87' lang='lat' dir='ltr'>his</span> <span class='ocrx_word' id='word_1_71' title='bbox 1216 698 1327 736; x_wconf 91' lang='lat' dir='ltr'>enim</span> <span class='ocrx_word' id='word_1_72' title='bbox 1341 697 1472 737; x_wconf 86' lang='lat' dir='ltr'>rebus</span> 
     </span>
     <span class='ocr_line' id='line_1_12' title="bbox 155 753 1475 807; baseline 0 -14"><span class='ocrx_word' id='word_1_73' title='bbox 155 754 279 793; x_wconf 80' lang='lat' dir='ltr'>nulla</span> <span class='ocrx_word' id='word_1_74' title='bbox 292 758 360 794; x_wconf 87' lang='lat' dir='ltr'>est</span> <span class='ocrx_word' id='word_1_75' title='bbox 380 753 580 793; x_wconf 88' lang='lat' dir='ltr'>codicum</span> <span class='ocrx_word' id='word_1_76' title='bbox 602 754 860 793; x_wconf 79' lang='lat' dir='ltr'>auctoritas.</span> <span class='ocrx_word' id='word_1_77' title='bbox 894 753 1012 793; x_wconf 80' lang='lat' dir='ltr'>Satis</span> <span class='ocrx_word' id='word_1_78' title='bbox 1036 757 1285 793; x_wconf 75' lang='lat' dir='ltr'><strong>constanter</strong></span> <span class='ocrx_word' id='word_1_79' title='bbox 1307 770 1334 792; x_wconf 81' lang='grc' dir='ltr'>ει</span> <span class='ocrx_word' id='word_1_80' title='bbox 1357 766 1435 806; x_wconf 87' lang='lat' dir='ltr'>pro</span> <span class='ocrx_word' id='word_1_81' title='bbox 1456 771 1475 807; x_wconf 64' lang='lat' dir='ltr'>l?</span> 
     </span>
     <span class='ocr_line' id='line_1_13' title="bbox 154 809 1473 863; baseline 0 -13"><span class='ocrx_word' id='word_1_82' title='bbox 154 811 359 862; x_wconf 81' lang='lat' dir='ltr'>praebent</span> <span class='ocrx_word' id='word_1_83' title='bbox 380 809 693 863; x_wconf 76' lang='lat' dir='ltr'>Aristophanis</span> <span class='ocrx_word' id='word_1_84' title='bbox 716 810 945 849; x_wconf 78' lang='lat' dir='ltr'>editiones.</span> <span class='ocrx_word' id='word_1_85' title='bbox 1000 809 1155 849; x_wconf 86' lang='lat' dir='ltr'>Pauca</span> <span class='ocrx_word' id='word_1_86' title='bbox 1191 815 1339 849; x_wconf 88' lang='lat' dir='ltr'>tamen</span> <span class='ocrx_word' id='word_1_87' title='bbox 1374 811 1473 850; x_wconf 82' lang='lat' dir='ltr'>loca</span> 
     </span>
     <span class='ocr_line' id='line_1_14' title="bbox 157 866 1474 918; baseline 0 -12"><span class='ocrx_word' id='word_1_88' title='bbox 157 871 274 915; x_wconf 86' lang='lat' dir='ltr'>sunt,</span> <span class='ocrx_word' id='word_1_89' title='bbox 296 867 372 906; x_wconf 89' lang='lat' dir='ltr'>ubi</span> <span class='ocrx_word' id='word_1_90' title='bbox 396 867 537 907; x_wconf 88' lang='lat' dir='ltr'>altera</span> <span class='ocrx_word' id='word_1_91' title='bbox 557 867 808 907; x_wconf 84' lang='lat' dir='ltr'>terminatio</span> <span class='ocrx_word' id='word_1_92' title='bbox 829 866 871 905; x_wconf 93' lang='lat' dir='ltr'>in</span> <span class='ocrx_word' id='word_1_93' title='bbox 894 866 1041 918; x_wconf 83' lang='lat' dir='ltr'>aliquo</span> <span class='ocrx_word' id='word_1_94' title='bbox 1061 866 1148 905; x_wconf 80' lang='lat' dir='ltr'>Ms.</span> <span class='ocrx_word' id='word_1_95' title='bbox 1188 879 1275 906; x_wconf 87' lang='lat' dir='ltr'>non</span> <span class='ocrx_word' id='word_1_96' title='bbox 1313 871 1474 907; x_wconf 84' lang='lat' dir='ltr'>exstet.</span> 
     </span>
     <span class='ocr_line' id='line_1_15' title="bbox 158 922 1477 976; baseline 0 -13"><span class='ocrx_word' id='word_1_97' title='bbox 158 922 323 963; x_wconf 80' lang='lat' dir='ltr'>Contra</span> <span class='ocrx_word' id='word_1_98' title='bbox 345 923 460 975; x_wconf 89' lang='lat' dir='ltr'>apud</span> <span class='ocrx_word' id='word_1_99' title='bbox 478 923 692 974; x_wconf 73' lang='lat' dir='ltr'>Tragicos</span> <span class='ocrx_word' id='word_1_100' title='bbox 726 935 815 962; x_wconf 88' lang='lat' dir='ltr'>non</span> <span class='ocrx_word' id='word_1_101' title='bbox 847 935 945 962; x_wconf 79' lang='lat' dir='ltr'>raro</span> <span class='ocrx_word' id='word_1_102' title='bbox 977 922 1290 975; x_wconf 79' lang='lat' dir='ltr'>diphthongum</span> <span class='ocrx_word' id='word_1_103' title='bbox 1311 939 1339 961; x_wconf 77' lang='grc' dir='ltr'>ει</span> <span class='ocrx_word' id='word_1_104' title='bbox 1360 936 1438 976; x_wconf 86' lang='lat' dir='ltr'>pro</span> <span class='ocrx_word' id='word_1_105' title='bbox 1460 940 1477 976; x_wconf 85' lang='grc' dir='ltr'><em>ῃ</em></span> 
     </span>
     <span class='ocr_line' id='line_1_16' title="bbox 157 978 1474 1033; baseline 0.001 -14"><span class='ocrx_word' id='word_1_106' title='bbox 157 979 347 1020; x_wconf 85' lang='lat' dir='ltr'>offerunt</span> <span class='ocrx_word' id='word_1_107' title='bbox 367 979 479 1020; x_wconf 84' lang='lat' dir='ltr'>Mss.</span> <span class='ocrx_word' id='word_1_108' title='bbox 540 978 674 1029; x_wconf 83' lang='lat' dir='ltr'>Quod</span> <span class='ocrx_word' id='word_1_109' title='bbox 696 980 733 1019; x_wconf 87' lang='lat' dir='ltr'>si</span> <span class='ocrx_word' id='word_1_110' title='bbox 754 980 798 1018; x_wconf 91' lang='lat' dir='ltr'>in</span> <span class='ocrx_word' id='word_1_111' title='bbox 818 979 899 1018; x_wconf 87' lang='lat' dir='ltr'>hac</span> <span class='ocrx_word' id='word_1_112' title='bbox 919 992 963 1018; x_wconf 91' lang='lat' dir='ltr'>re</span> <span class='ocrx_word' id='word_1_113' title='bbox 985 984 1028 1019; x_wconf 90' lang='lat' dir='ltr'>et</span> <span class='ocrx_word' id='word_1_114' title='bbox 1048 979 1267 1019; x_wconf 83' lang='lat' dir='ltr'>similibus</span> <span class='ocrx_word' id='word_1_115' title='bbox 1301 980 1474 1033; x_wconf 84' lang='lat' dir='ltr'>aliquo-</span> 
     </span>
     <span class='ocr_line' id='line_1_17' title="bbox 155 1036 1474 1090; baseline 0.001 -14"><span class='ocrx_word' id='word_1_116' title='bbox 155 1036 241 1076; x_wconf 82' lang='lat' dir='ltr'>ties</span> <span class='ocrx_word' id='word_1_117' title='bbox 274 1039 349 1076; x_wconf 89' lang='lat' dir='ltr'>aut</span> <span class='ocrx_word' id='word_1_118' title='bbox 383 1049 482 1076; x_wconf 88' lang='lat' dir='ltr'>meo</span> <span class='ocrx_word' id='word_1_119' title='bbox 516 1041 592 1077; x_wconf 87' lang='lat' dir='ltr'>aut</span> <span class='ocrx_word' id='word_1_120' title='bbox 622 1036 947 1090; x_wconf 82' lang='lat' dir='ltr'>typothetarum</span> <span class='ocrx_word' id='word_1_121' title='bbox 968 1048 1107 1075; x_wconf 85' lang='lat' dir='ltr'>errore</span> <span class='ocrx_word' id='word_1_122' title='bbox 1133 1041 1369 1088; x_wconf 88' lang='lat' dir='ltr'>peccatum</span> <span class='ocrx_word' id='word_1_123' title='bbox 1392 1042 1474 1086; x_wconf 84' lang='lat' dir='ltr'>est,</span> 
     </span>
     <span class='ocr_line' id='line_1_18' title="bbox 155 1092 1475 1146; baseline 0.002 -14"><span class='ocrx_word' id='word_1_124' title='bbox 155 1093 357 1144; x_wconf 80' lang='lat' dir='ltr'>ignoscet</span> <span class='ocrx_word' id='word_1_125' title='bbox 377 1106 534 1146; x_wconf 86' lang='lat' dir='ltr'>aequus</span> <span class='ocrx_word' id='word_1_126' title='bbox 567 1094 717 1141; x_wconf 89' lang='lat' dir='ltr'>lector,</span> <span class='ocrx_word' id='word_1_127' title='bbox 754 1105 902 1132; x_wconf 88' lang='lat' dir='ltr'>secum</span> <span class='ocrx_word' id='word_1_128' title='bbox 936 1096 1158 1145; x_wconf 85' lang='lat' dir='ltr'>reputans,</span> <span class='ocrx_word' id='word_1_129' title='bbox 1193 1106 1322 1145; x_wconf 85' lang='lat' dir='ltr'>quam</span> <span class='ocrx_word' id='word_1_130' title='bbox 1342 1092 1475 1134; x_wconf 86' lang='lat' dir='ltr'>facile</span> 
     </span>
     <span class='ocr_line' id='line_1_19' title="bbox 157 1148 1475 1202; baseline 0.002 -14"><span class='ocrx_word' id='word_1_131' title='bbox 157 1153 200 1189; x_wconf 90' lang='lat' dir='ltr'>et</span> <span class='ocrx_word' id='word_1_132' title='bbox 220 1150 376 1189; x_wconf 86' lang='lat' dir='ltr'>mentis</span> <span class='ocrx_word' id='word_1_133' title='bbox 413 1153 454 1189; x_wconf 89' lang='lat' dir='ltr'>et</span> <span class='ocrx_word' id='word_1_134' title='bbox 482 1150 707 1190; x_wconf 87' lang='lat' dir='ltr'>oculorum</span> <span class='ocrx_word' id='word_1_135' title='bbox 731 1149 852 1189; x_wconf 90' lang='lat' dir='ltr'>acies</span> <span class='ocrx_word' id='word_1_136' title='bbox 871 1148 1125 1202; x_wconf 86' lang='lat' dir='ltr'>hujusmodi</span> <span class='ocrx_word' id='word_1_137' title='bbox 1147 1150 1345 1190; x_wconf 84' lang='lat' dir='ltr'>minutiis</span> <span class='ocrx_word' id='word_1_138' title='bbox 1366 1164 1475 1191; x_wconf 85' lang='lat' dir='ltr'>exa-</span> 
     </span>
     <span class='ocr_line' id='line_1_20' title="bbox 154 1205 1474 1258; baseline 0.002 -13"><span class='ocrx_word' id='word_1_139' title='bbox 154 1206 375 1245; x_wconf 86' lang='lat' dir='ltr'>minandis</span> <span class='ocrx_word' id='word_1_140' title='bbox 395 1206 635 1247; x_wconf 86' lang='lat' dir='ltr'>hebetetur.</span> <span class='ocrx_word' id='word_1_141' title='bbox 702 1205 850 1258; x_wconf 88' lang='lat' dir='ltr'>Hujus</span> <span class='ocrx_word' id='word_1_142' title='bbox 869 1206 1032 1257; x_wconf 67' lang='lat' dir='ltr'>regul-ae</span> <span class='ocrx_word' id='word_1_143' title='bbox 1055 1207 1267 1258; x_wconf 85' lang='lat' dir='ltr'>meipsum</span> <span class='ocrx_word' id='word_1_144' title='bbox 1290 1208 1474 1248; x_wconf 88' lang='lat' dir='ltr'>oblitum</span> 
     </span>
     <span class='ocr_line' id='line_1_21' title="bbox 156 1260 1475 1316; baseline 0.004 -15"><span class='ocrx_word' id='word_1_145' title='bbox 156 1274 254 1302; x_wconf 90' lang='lat' dir='ltr'>esse</span> <span class='ocrx_word' id='word_1_146' title='bbox 270 1262 401 1303; x_wconf 88' lang='lat' dir='ltr'>video</span> <span class='ocrx_word' id='word_1_147' title='bbox 414 1276 455 1303; x_wconf 91' lang='lat' dir='ltr'>v.</span> <span class='ocrx_word' id='word_1_148' title='bbox 476 1263 589 1313; x_wconf 66' lang='lat'>251„</span> <span class='ocrx_word' id='word_1_149' title='bbox 603 1262 681 1302; x_wconf 89' lang='lat' dir='ltr'>ubi</span> <span class='ocrx_word' id='word_1_150' title='bbox 702 1260 846 1302; x_wconf 71' lang='grc' dir='ltr'><em>κακύνει</em></span> <span class='ocrx_word' id='word_1_151' title='bbox 868 1263 978 1302; x_wconf 83' lang='lat' dir='ltr'>adeo</span> <span class='ocrx_word' id='word_1_152' title='bbox 994 1263 1294 1316; x_wconf 87' lang='lat' dir='ltr'>reponendum</span> <span class='ocrx_word' id='word_1_153' title='bbox 1317 1264 1359 1302; x_wconf 91' lang='lat' dir='ltr'>in</span> <span class='ocrx_word' id='word_1_154' title='bbox 1381 1264 1475 1305; x_wconf 82' lang='lat' dir='ltr'>Ad-</span> 
     </span>
     <span class='ocr_line' id='line_1_22' title="bbox 159 1318 1024 1373; baseline 0 -15"><span class='ocrx_word' id='word_1_155' title='bbox 159 1318 316 1358; x_wconf 88' lang='lat' dir='ltr'>dendis</span> <span class='ocrx_word' id='word_1_156' title='bbox 339 1319 503 1369; x_wconf 90' lang='lat' dir='ltr'>monui,</span> <span class='ocrx_word' id='word_1_157' title='bbox 524 1324 569 1360; x_wconf 93' lang='lat' dir='ltr'>et</span> <span class='ocrx_word' id='word_1_158' title='bbox 589 1332 704 1359; x_wconf 89' lang='lat' dir='ltr'>nunc</span> <span class='ocrx_word' id='word_1_159' title='bbox 726 1320 916 1372; x_wconf 89' lang='lat' dir='ltr'>reposui.</span> <span class='ocrx_word' id='word_1_160' title='bbox 946 1318 1024 1373; x_wconf 90' lang='lat' dir='ltr'>(C)</span> 
     </span>
    </p>

    <p class='ocr_par' dir='ltr' id='par_1_4' title="bbox 156 1375 1478 1879">
     <span class='ocr_line' id='line_1_23' title="bbox 216 1375 1475 1428; baseline 0.002 -14"><span class='ocrx_word' id='word_1_161' title='bbox 216 1375 267 1415; x_wconf 79' lang='lat' dir='ltr'>In</span> <span class='ocrx_word' id='word_1_162' title='bbox 283 1375 490 1425; x_wconf 85' lang='lat' dir='ltr'>Hecuba,</span> <span class='ocrx_word' id='word_1_163' title='bbox 504 1384 551 1415; x_wconf 89' lang='lat' dir='ltr'>ut</span> <span class='ocrx_word' id='word_1_164' title='bbox 567 1389 593 1416; x_wconf 89' lang='lat' dir='ltr'>a</span> <span class='ocrx_word' id='word_1_165' title='bbox 607 1389 674 1416; x_wconf 88' lang='lat' dir='ltr'>me</span> <span class='ocrx_word' id='word_1_166' title='bbox 689 1376 807 1415; x_wconf 88' lang='lat' dir='ltr'>edita</span> <span class='ocrx_word' id='word_1_167' title='bbox 825 1380 907 1425; x_wconf 89' lang='lat' dir='ltr'>est,</span> <span class='ocrx_word' id='word_1_168' title='bbox 922 1388 1059 1428; x_wconf 87' lang='lat' dir='ltr'>neque</span> <span class='ocrx_word' id='word_1_169' title='bbox 1077 1376 1229 1415; x_wconf 85' lang='lat' dir='ltr'>omissi</span> <span class='ocrx_word' id='word_1_170' title='bbox 1246 1377 1475 1417; x_wconf 80' lang='lat' dir='ltr'>verborum</span> 
     </span>
     <span class='ocr_line' id='line_1_24' title="bbox 159 1432 1476 1485; baseline 0.003 -15"><span class='ocrx_word' id='word_1_171' title='bbox 159 1433 397 1484; x_wconf 74' lang='lat' dir='ltr'>augmenti,</span> <span class='ocrx_word' id='word_1_172' title='bbox 435 1445 577 1485; x_wconf 89' lang='lat' dir='ltr'>neque</span> <span class='ocrx_word' id='word_1_173' title='bbox 598 1432 778 1473; x_wconf 81' lang='lat' dir='ltr'>admissi</span> <span class='ocrx_word' id='word_1_174' title='bbox 800 1433 844 1471; x_wconf 90' lang='lat' dir='ltr'>in</span> <span class='ocrx_word' id='word_1_175' title='bbox 866 1433 1050 1484; x_wconf 80' lang='lat' dir='ltr'>paribus</span> <span class='ocrx_word' id='word_1_176' title='bbox 1074 1433 1340 1472; x_wconf 77' lang='lat' dir='ltr'>senariorum</span> <span class='ocrx_word' id='word_1_177' title='bbox 1361 1435 1476 1474; x_wconf 86' lang='lat' dir='ltr'>locis</span> 
     </span>
     <span class='ocr_line' id='line_1_25' title="bbox 159 1488 1476 1543; baseline 0.002 -15"><span class='ocrx_word' id='word_1_178' title='bbox 159 1489 379 1541; x_wconf 71' lang='lat' dir='ltr'>anapaesti</span> <span class='ocrx_word' id='word_1_179' title='bbox 400 1489 651 1541; x_wconf 83' lang='lat' dir='ltr'>exemplum</span> <span class='ocrx_word' id='word_1_180' title='bbox 672 1489 869 1528; x_wconf 85' lang='lat' dir='ltr'>occurrit.</span> <span class='ocrx_word' id='word_1_181' title='bbox 937 1488 1001 1540; x_wconf 85' lang='lat' dir='ltr'>[v]</span> <span class='ocrx_word' id='word_1_182' title='bbox 1020 1488 1165 1528; x_wconf 86' lang='lat' dir='ltr'>Locus</span> <span class='ocrx_word' id='word_1_183' title='bbox 1201 1489 1369 1539; x_wconf 80' lang='lat' dir='ltr'>unicus,</span> <span class='ocrx_word' id='word_1_184' title='bbox 1400 1492 1476 1543; x_wconf 89' lang='lat' dir='ltr'>qui</span> 
     </span>
     <span class='ocr_line' id='line_1_26' title="bbox 157 1543 1477 1597; baseline 0.002 -13"><span class='ocrx_word' id='word_1_185' title='bbox 157 1545 293 1597; x_wconf 78' lang='lat' dir='ltr'>priori</span> <span class='ocrx_word' id='word_1_186' title='bbox 308 1545 502 1585; x_wconf 77' lang='lat' dir='ltr'>licentiae</span> <span class='ocrx_word' id='word_1_187' title='bbox 517 1545 560 1584; x_wconf 90' lang='lat' dir='ltr'>in</span> <span class='ocrx_word' id='word_1_188' title='bbox 575 1545 658 1584; x_wconf 87' lang='lat' dir='ltr'>hoc</span> <span class='ocrx_word' id='word_1_189' title='bbox 680 1544 873 1584; x_wconf 84' lang='lat' dir='ltr'>dramate</span> <span class='ocrx_word' id='word_1_190' title='bbox 892 1543 1021 1592; x_wconf 82' lang='lat' dir='ltr'>favet,</span> <span class='ocrx_word' id='word_1_191' title='bbox 1043 1546 1097 1584; x_wconf 86' lang='lat' dir='ltr'>ab</span> <span class='ocrx_word' id='word_1_192' title='bbox 1120 1545 1217 1597; x_wconf 83' lang='lat' dir='ltr'>ipso</span> <span class='ocrx_word' id='word_1_193' title='bbox 1236 1546 1477 1596; x_wconf 86' lang='lat' dir='ltr'>Brunckio,</span> 
     </span>
     <span class='ocr_line' id='line_1_27' title="bbox 158 1600 1476 1654; baseline 0.002 -13"><span class='ocrx_word' id='word_1_194' title='bbox 158 1601 374 1641; x_wconf 85' lang='lat' dir='ltr'>acerrimo</span> <span class='ocrx_word' id='word_1_195' title='bbox 397 1601 507 1640; x_wconf 86' lang='lat' dir='ltr'>alias</span> <span class='ocrx_word' id='word_1_196' title='bbox 529 1601 660 1654; x_wconf 86' lang='lat' dir='ltr'>hujus</span> <span class='ocrx_word' id='word_1_197' title='bbox 680 1601 870 1640; x_wconf 69' lang='lat' dir='ltr'>licentiae</span> <span class='ocrx_word' id='word_1_198' title='bbox 906 1600 1093 1648; x_wconf 85' lang='lat' dir='ltr'>vindice,</span> <span class='ocrx_word' id='word_1_199' title='bbox 1117 1602 1373 1642; x_wconf 85' lang='lat' dir='ltr'>emendatus</span> <span class='ocrx_word' id='word_1_200' title='bbox 1395 1607 1476 1644; x_wconf 87' lang='lat' dir='ltr'>est.</span> 
     </span>
     <span class='ocr_line' id='line_1_28' title="bbox 157 1656 1476 1711; baseline 0.002 -14"><span class='ocrx_word' id='word_1_201' title='bbox 157 1656 231 1706; x_wconf 80' lang='lat' dir='ltr'>Et,</span> <span class='ocrx_word' id='word_1_202' title='bbox 251 1670 349 1697; x_wconf 90' lang='lat' dir='ltr'>cum</span> <span class='ocrx_word' id='word_1_203' title='bbox 366 1658 588 1697; x_wconf 86' lang='lat' dir='ltr'>rarissima</span> <span class='ocrx_word' id='word_1_204' title='bbox 608 1657 785 1695; x_wconf 86' lang='lat' dir='ltr'>omnino</span> <span class='ocrx_word' id='word_1_205' title='bbox 806 1657 893 1696; x_wconf 89' lang='lat' dir='ltr'>sint</span> <span class='ocrx_word' id='word_1_206' title='bbox 925 1657 1032 1696; x_wconf 90' lang='lat' dir='ltr'>talia</span> <span class='ocrx_word' id='word_1_207' title='bbox 1053 1658 1268 1709; x_wconf 84' lang='lat' dir='ltr'>exempla,</span> <span class='ocrx_word' id='word_1_208' title='bbox 1292 1672 1476 1711; x_wconf 88' lang='lat' dir='ltr'>quorum</span> 
     </span>
     <span class='ocr_line' id='line_1_29' title="bbox 158 1713 1478 1765; baseline 0.005 -13"><span class='ocrx_word' id='word_1_209' title='bbox 158 1714 244 1753; x_wconf 83' lang='lat' dir='ltr'>tria</span> <span class='ocrx_word' id='word_1_210' title='bbox 275 1715 318 1753; x_wconf 91' lang='lat' dir='ltr'>in</span> <span class='ocrx_word' id='word_1_211' title='bbox 350 1714 558 1762; x_wconf 77' lang='lat' dir='ltr'>Bacchis,</span> <span class='ocrx_word' id='word_1_212' title='bbox 592 1713 927 1764; x_wconf 87' lang='lat' dir='ltr'>corruptissima</span> <span class='ocrx_word' id='word_1_213' title='bbox 951 1725 1064 1765; x_wconf 88' lang='lat' dir='ltr'>pene</span> <span class='ocrx_word' id='word_1_214' title='bbox 1099 1715 1291 1753; x_wconf 87' lang='lat' dir='ltr'>omnium</span> <span class='ocrx_word' id='word_1_215' title='bbox 1313 1716 1478 1765; x_wconf 87' lang='lat' dir='ltr'>fabula,</span> 
     </span>
     <span class='ocr_line' id='line_1_30' title="bbox 156 1769 1477 1824; baseline 0.004 -15"><span class='ocrx_word' id='word_1_216' title='bbox 156 1771 442 1823; x_wconf 82' lang='lat' dir='ltr'>reperiantur,</span> <span class='ocrx_word' id='word_1_217' title='bbox 463 1771 591 1824; x_wconf 83' lang='lat' dir='ltr'>plane</span> <span class='ocrx_word' id='word_1_218' title='bbox 623 1782 883 1821; x_wconf 83' lang='lat' dir='ltr'>persuasum</span> <span class='ocrx_word' id='word_1_219' title='bbox 917 1769 1079 1818; x_wconf 89' lang='lat' dir='ltr'>habeo,</span> <span class='ocrx_word' id='word_1_220' title='bbox 1113 1783 1198 1809; x_wconf 89' lang='lat' dir='ltr'>non</span> <span class='ocrx_word' id='word_1_221' title='bbox 1230 1771 1412 1814; x_wconf 89' lang='lat' dir='ltr'>licuisse</span> <span class='ocrx_word' id='word_1_222' title='bbox 1432 1774 1477 1814; x_wconf 91' lang='lat' dir='ltr'>in</span> 
     </span>
     <span class='ocr_line' id='line_1_31' title="bbox 159 1825 1178 1879; baseline -0.002 -12"><span class='ocrx_word' id='word_1_223' title='bbox 159 1825 316 1867; x_wconf 90' lang='lat' dir='ltr'>Attico</span> <span class='ocrx_word' id='word_1_224' title='bbox 338 1839 534 1867; x_wconf 87' lang='lat' dir='ltr'>sermone</span> <span class='ocrx_word' id='word_1_225' title='bbox 557 1831 838 1878; x_wconf 87' lang='lat' dir='ltr'>augmentum</span> <span class='ocrx_word' id='word_1_226' title='bbox 860 1825 1065 1879; x_wconf 84' lang='lat' dir='ltr'>abjicere.</span> <span class='ocrx_word' id='word_1_227' title='bbox 1097 1826 1178 1876; x_wconf 89' lang='lat' dir='ltr'>(D)</span> 
     </span>
    </p>

    <p class='ocr_par' dir='ltr' id='par_1_5' title="bbox 156 1881 1479 2276">
     <span class='ocr_line' id='line_1_32' title="bbox 219 1881 1479 1935; baseline 0.003 -12"><span class='ocrx_word' id='word_1_228' title='bbox 219 1882 375 1924; x_wconf 85' lang='lat' dir='ltr'>Altera</span> <span class='ocrx_word' id='word_1_229' title='bbox 425 1883 627 1935; x_wconf 77' lang='lat' dir='ltr'>quaestio,</span> <span class='ocrx_word' id='word_1_230' title='bbox 661 1882 782 1935; x_wconf 89' lang='lat' dir='ltr'>quod</span> <span class='ocrx_word' id='word_1_231' title='bbox 814 1881 870 1922; x_wconf 88' lang='lat' dir='ltr'>ad</span> <span class='ocrx_word' id='word_1_232' title='bbox 910 1882 1143 1922; x_wconf 83' lang='lat' dir='ltr'>Hecubam</span> <span class='ocrx_word' id='word_1_233' title='bbox 1183 1884 1350 1933; x_wconf 85' lang='lat' dir='ltr'>attinet,</span> <span class='ocrx_word' id='word_1_234' title='bbox 1391 1899 1479 1927; x_wconf 88' lang='lat' dir='ltr'>non</span> 
     </span>
     <span class='ocr_line' id='line_1_33' title="bbox 158 1938 1478 1992; baseline 0.005 -14"><span class='ocrx_word' id='word_1_235' title='bbox 158 1939 305 1979; x_wconf 89' lang='lat' dir='ltr'>minus</span> <span class='ocrx_word' id='word_1_236' title='bbox 327 1939 480 1979; x_wconf 84' lang='lat' dir='ltr'>faciles</span> <span class='ocrx_word' id='word_1_237' title='bbox 504 1940 759 1992; x_wconf 81' lang='lat' dir='ltr'>explicatus</span> <span class='ocrx_word' id='word_1_238' title='bbox 780 1939 927 1978; x_wconf 86' lang='lat' dir='ltr'>habet.</span> <span class='ocrx_word' id='word_1_239' title='bbox 988 1938 1040 1978; x_wconf 89' lang='lat' dir='ltr'>In</span> <span class='ocrx_word' id='word_1_240' title='bbox 1061 1943 1213 1979; x_wconf 90' lang='lat' dir='ltr'>neutro</span> <span class='ocrx_word' id='word_1_241' title='bbox 1237 1942 1349 1981; x_wconf 89' lang='lat' dir='ltr'>enim</span> <span class='ocrx_word' id='word_1_242' title='bbox 1369 1943 1478 1984; x_wconf 91' lang='lat' dir='ltr'>duo·</span> 
     </span>
     <span class='ocr_line' id='line_1_34' title="bbox 158 1995 1478 2049; baseline 0.004 -14"><span class='ocrx_word' id='word_1_243' title='bbox 158 2007 252 2035; x_wconf 78' lang='lat' dir='ltr'>rum</span> <span class='ocrx_word' id='word_1_244' title='bbox 274 1997 593 2049; x_wconf 79' lang='lat' dir='ltr'>exemplorum,</span> <span class='ocrx_word' id='word_1_245' title='bbox 613 1997 689 2035; x_wconf 91' lang='lat' dir='ltr'>ubi</span> <span class='ocrx_word' id='word_1_246' title='bbox 712 1998 987 2048; x_wconf 65' lang='lat' dir='ltr'>anapaestum</span> <span class='ocrx_word' id='word_1_247' title='bbox 1010 1995 1188 2036; x_wconf 86' lang='lat' dir='ltr'>admisit</span> <span class='ocrx_word' id='word_1_248' title='bbox 1209 2002 1282 2039; x_wconf 89' lang='lat' dir='ltr'>aut</span> <span class='ocrx_word' id='word_1_249' title='bbox 1300 1999 1478 2040; x_wconf 87' lang='lat' dir='ltr'>retinuit</span> 
     </span>
     <span class='ocr_line' id='line_1_35' title="bbox 159 2051 1477 2102; baseline 0.005 -11"><span class='ocrx_word' id='word_1_250' title='bbox 159 2051 429 2101; x_wconf 80' lang='lat' dir='ltr'>Brunekius,</span> <span class='ocrx_word' id='word_1_251' title='bbox 452 2065 601 2092; x_wconf 89' lang='lat' dir='ltr'>omnes</span> <span class='ocrx_word' id='word_1_252' title='bbox 623 2052 899 2092; x_wconf 87' lang='lat' dir='ltr'>consentiunt</span> <span class='ocrx_word' id='word_1_253' title='bbox 919 2051 1032 2091; x_wconf 85' lang='lat' dir='ltr'>Mss.</span> <span class='ocrx_word' id='word_1_254' title='bbox 1066 2053 1118 2092; x_wconf 86' lang='lat' dir='ltr'>In</span> <span class='ocrx_word' id='word_1_255' title='bbox 1142 2053 1294 2102; x_wconf 81' lang='lat' dir='ltr'>altero,</span> <span class='ocrx_word' id='word_1_256' title='bbox 1317 2068 1357 2096; x_wconf 91' lang='lat' dir='ltr'>v.</span> <span class='ocrx_word' id='word_1_257' title='bbox 1379 2056 1477 2097; x_wconf 72' lang='lat'>782.</span> 
     </span>
     <span class='ocr_line' id='line_1_36' title="bbox 156 2107 1476 2162; baseline 0.005 -15"><span class='ocrx_word' id='word_1_258' title='bbox 156 2107 296 2148; x_wconf 83' lang='lat' dir='ltr'>lectio</span> <span class='ocrx_word' id='word_1_259' title='bbox 320 2108 416 2162; x_wconf 88' lang='lat' dir='ltr'>ejus</span> <span class='ocrx_word' id='word_1_260' title='bbox 438 2121 524 2149; x_wconf 91' lang='lat' dir='ltr'>uno</span> <span class='ocrx_word' id='word_1_261' title='bbox 543 2112 711 2149; x_wconf 88' lang='lat' dir='ltr'>tantum</span> <span class='ocrx_word' id='word_1_262' title='bbox 733 2108 885 2148; x_wconf 89' lang='lat' dir='ltr'>codice</span> <span class='ocrx_word' id='word_1_263' title='bbox 906 2107 1067 2147; x_wconf 87' lang='lat' dir='ltr'>nititur.</span> <span class='ocrx_word' id='word_1_264' title='bbox 1128 2110 1179 2149; x_wconf 90' lang='lat' dir='ltr'>In</span> <span class='ocrx_word' id='word_1_265' title='bbox 1203 2110 1353 2160; x_wconf 89' lang='lat' dir='ltr'>altero,</span> <span class='ocrx_word' id='word_1_266' title='bbox 1374 2112 1476 2154; x_wconf 79' lang='lat'>381..</span> 
     </span>
     <span class='ocr_line' id='line_1_37' title="bbox 157 2161 1478 2218; baseline 0.006 -17"><span class='ocrx_word' id='word_1_267' title='bbox 157 2161 340 2217; x_wconf 77' lang='grc' dir='ltr'>(τοῦνομα</span> <span class='ocrx_word' id='word_1_268' title='bbox 360 2177 440 2217; x_wconf 87' lang='lat' dir='ltr'>pro</span> <span class='ocrx_word' id='word_1_269' title='bbox 476 2163 610 2216; x_wconf 69' lang='grc' dir='ltr'>ὄνομα)</span> <span class='ocrx_word' id='word_1_270' title='bbox 643 2165 752 2204; x_wconf 87' lang='lat' dir='ltr'>satis</span> <span class='ocrx_word' id='word_1_271' title='bbox 781 2165 1054 2204; x_wconf 86' lang='lat' dir='ltr'>auctoritatis</span> <span class='ocrx_word' id='word_1_272' title='bbox 1076 2178 1154 2218; x_wconf 89' lang='lat' dir='ltr'>pro</span> <span class='ocrx_word' id='word_1_273' title='bbox 1178 2164 1288 2216; x_wconf 71' lang='grc' dir='ltr'><em>ὄνομα</em></span> <span class='ocrx_word' id='word_1_274' title='bbox 1310 2173 1414 2218; x_wconf 86' lang='lat' dir='ltr'>stat,</span> <span class='ocrx_word' id='word_1_275' title='bbox 1439 2171 1478 2210; x_wconf 88' lang='lat' dir='ltr'>si</span> 
     </span>
     <span class='ocr_line' id='line_1_38' title="bbox 160 2220 1183 2276; baseline 0.001 -16"><span class='ocrx_word' id='word_1_276' title='bbox 160 2222 403 2261; x_wconf 82' lang='lat' dir='ltr'>auctoritas</span> <span class='ocrx_word' id='word_1_277' title='bbox 422 2221 467 2260; x_wconf 90' lang='lat' dir='ltr'>in</span> <span class='ocrx_word' id='word_1_278' title='bbox 488 2234 535 2261; x_wconf 81' lang='lat' dir='ltr'>re</span> <span class='ocrx_word' id='word_1_279' title='bbox 554 2221 721 2261; x_wconf 88' lang='lat' dir='ltr'>tantilla</span> <span class='ocrx_word' id='word_1_280' title='bbox 743 2220 1071 2261; x_wconf 87' lang='lat' dir='ltr'>desideraretur.</span> <span class='ocrx_word' id='word_1_281' title='bbox 1100 2220 1183 2276; x_wconf 85' lang='lat' dir='ltr'>(E)</span> 
     </span>
    </p>

    <p class='ocr_par' dir='ltr' id='par_1_6' title="bbox 158 2276 1478 2547">
     <span class='ocr_line' id='line_1_39' title="bbox 217 2276 1478 2332; baseline 0.004 -16"><span class='ocrx_word' id='word_1_282' title='bbox 217 2276 482 2326; x_wconf 84' lang='lat' dir='ltr'>Brunckius‚</span> <span class='ocrx_word' id='word_1_283' title='bbox 518 2278 594 2330; x_wconf 85' lang='lat' dir='ltr'>qui</span> <span class='ocrx_word' id='word_1_284' title='bbox 633 2281 884 2329; x_wconf 80' lang='lat' dir='ltr'>anapaestos</span> <span class='ocrx_word' id='word_1_285' title='bbox 924 2278 968 2316; x_wconf 95' lang='lat' dir='ltr'>in</span> <span class='ocrx_word' id='word_1_286' title='bbox 1007 2279 1200 2318; x_wconf 90' lang='lat' dir='ltr'>secundo</span> <span class='ocrx_word' id='word_1_287' title='bbox 1241 2283 1284 2320; x_wconf 89' lang='lat' dir='ltr'>et</span> <span class='ocrx_word' id='word_1_288' title='bbox 1324 2284 1478 2332; x_wconf 82' lang='lat' dir='ltr'>quarto</span> 
     </span>
     <span class='ocr_line' id='line_1_40' title="bbox 161 2333 1478 2388; baseline 0.004 -16"><span class='ocrx_word' id='word_1_289' title='bbox 161 2334 321 2373; x_wconf 87' lang='lat' dir='ltr'>senarii</span> <span class='ocrx_word' id='word_1_290' title='bbox 341 2333 440 2373; x_wconf 93' lang='lat' dir='ltr'>loco</span> <span class='ocrx_word' id='word_1_291' title='bbox 473 2333 656 2374; x_wconf 87' lang='lat' dir='ltr'>subinde</span> <span class='ocrx_word' id='word_1_292' title='bbox 687 2333 896 2382; x_wconf 86' lang='lat' dir='ltr'>defendit,</span> <span class='ocrx_word' id='word_1_293' title='bbox 917 2333 1081 2387; x_wconf 82' lang='lat' dir='ltr'>fatetur</span> <span class='ocrx_word' id='word_1_294' title='bbox 1101 2339 1243 2375; x_wconf 88' lang='lat' dir='ltr'>tamen</span> <span class='ocrx_word' id='word_1_295' title='bbox 1263 2336 1478 2388; x_wconf 84' lang='lat' dir='ltr'>Tragicos</span> 
     </span>
     <span class='ocr_line' id='line_1_41' title="bbox 158 2388 1477 2443; baseline 0.004 -14"><span class='ocrx_word' id='word_1_296' title='bbox 158 2388 271 2430; x_wconf 89' lang='lat' dir='ltr'>hanc</span> <span class='ocrx_word' id='word_1_297' title='bbox 303 2390 542 2440; x_wconf 88' lang='lat' dir='ltr'>licentiam,</span> <span class='ocrx_word' id='word_1_298' title='bbox 579 2395 792 2442; x_wconf 89' lang='lat' dir='ltr'>quantum</span> <span class='ocrx_word' id='word_1_299' title='bbox 827 2394 1045 2443; x_wconf 87' lang='lat' dir='ltr'>poterant,</span> <span class='ocrx_word' id='word_1_300' title='bbox 1065 2391 1246 2432; x_wconf 86' lang='lat' dir='ltr'>vitasse.</span> <span class='ocrx_word' id='word_1_301' title='bbox 1307 2392 1477 2442; x_wconf 80' lang='lat' dir='ltr'>Quidni</span> 
     </span>
     <span class='ocr_line' id='line_1_42' title="bbox 158 2445 1477 2503; baseline 0.003 -18"><span class='ocrx_word' id='word_1_302' title='bbox 158 2445 293 2498; x_wconf 82' lang='lat' dir='ltr'>igitur</span> <span class='ocrx_word' id='word_1_303' title='bbox 314 2460 487 2500; x_wconf 87' lang='lat' dir='ltr'>semper</span> <span class='ocrx_word' id='word_1_304' title='bbox 507 2446 719 2488; x_wconf 77' lang='lat' dir='ltr'>vitarint‘?</span> <span class='ocrx_word' id='word_1_305' title='bbox 763 2446 827 2487; x_wconf 88' lang='lat' dir='ltr'>An</span> <span class='ocrx_word' id='word_1_306' title='bbox 849 2447 1074 2495; x_wconf 85' lang='lat' dir='ltr'>volebant,</span> <span class='ocrx_word' id='word_1_307' title='bbox 1096 2451 1138 2488; x_wconf 91' lang='lat' dir='ltr'>et</span> <span class='ocrx_word' id='word_1_308' title='bbox 1159 2452 1306 2489; x_wconf 85' lang='lat' dir='ltr'>tamen</span> <span class='ocrx_word' id='word_1_309' title='bbox 1326 2450 1477 2503; x_wconf 89' lang='lat' dir='ltr'>nequi-</span> 
     </span>
     <span class='ocr_line' id='line_1_43' title="bbox 158 2501 1471 2547; baseline 0.002 -4"><span class='ocrx_word' id='word_1_310' title='bbox 158 2501 298 2545; x_wconf 69' lang='lat' dir='ltr'>bant?</span> <span class='ocrx_word' id='word_1_311' title='bbox 329 2503 402 2546; x_wconf 91' lang='lat' dir='ltr'>An</span> <span class='ocrx_word' id='word_1_312' title='bbox 418 2516 528 2547; x_wconf 88' lang='lat' dir='ltr'>casu</span> <span class='ocrx_word' id='word_1_313' title='bbox 549 2507 594 2546; x_wconf 88' lang='lat' dir='ltr'>et</span> <span class='ocrx_word' id='word_1_314' title='bbox 609 2503 777 2545; x_wconf 85' lang='lat' dir='ltr'>incuria</span> <span class='ocrx_word' id='word_1_315' title='bbox 798 2516 878 2545; x_wconf 87' lang='lat' dir='ltr'>eos</span> <span class='ocrx_word' id='word_1_316' title='bbox 895 2503 976 2545; x_wconf 87' lang='lat' dir='ltr'>has</span> <span class='ocrx_word' id='word_1_317' title='bbox 999 2505 1197 2546; x_wconf 86' lang='lat' dir='ltr'>maculas</span> <span class='ocrx_word' id='word_1_318' title='bbox 1218 2505 1389 2547; x_wconf 89' lang='lat' dir='ltr'>fudisse</span> <span class='ocrx_word' id='word_1_319' title='bbox 1410 2518 1471 2547; x_wconf 85' lang='lat' dir='ltr'>ar-</span> 
     </span>
    </p>
   </div>
  </div>
 </body>
</html>
