1566 2789
368 475 721 517 ΥΠΟΘΕΣΙΣ
770 475 1127 518 ΜΗΔΕΙΑΣ.*

90 621 198 653 Ἰάσων
214 619 256 652 εἰς
271 618 421 661 Κόρινθον
436 618 547 658 ἐλθὼν,
564 616 756 657 ἐπαγόμενος
770 616 820 648 καὶ
836 616 982 656 Μήδειαν,
1001 619 1153 659 ἐγγυᾶται
1167 622 1224 659 τὴν
1247 621 1362 661 Κρέον-

129 698 195 721 τος,
211 686 270 717 τοῦ
284 682 450 724 Κορινθίων
465 682 634 719 βασιλέως,
652 681 806 722 θυγατέρα
821 683 969 722 Γλαύκην
979 684 1054 725 πρὸς
1068 684 1180 725 γάμον.
1197 686 1360 725 μέλλουσα

130 751 163 782 δὲ
178 750 198 787 ἦ
214 749 333 787 Μήδεια
347 747 578 789 φυγαδεύεσθαι
594 746 652 778 ὑπὸ
677 747 830 788 Κρέοντος
854 748 889 779 ἐκ
911 749 968 786 τῆς
989 749 1147 789 Κορίνθου,
1170 763 1360 790 παραιτησα-

128 814 205 854 μένη
220 813 294 853 μίαν
307 812 424 853 ἡμέραν
437 814 550 852 μεῖναι,
567 811 618 843 καὶ
632 813 787 852 τυχοῦσα,
803 812 916 851 μισθὸν
929 814 987 851 τῆς
1000 813 1129 855 χάριτοςι
1144 817 1224 855 δῶρα
1240 815 1288 846 διὰ
1298 817 1360 846 τῶν

128 878 243 910 παίδων
254 878 367 917 πέμπει
376 879 418 920 τῇ
430 877 566 919 Γλαύκῃ,
577 878 695 914 ἐσθῆτα
708 877 757 908 καὶ
770 879 911 917 χρυσοῦν
923 878 1094 918 στέφανον,
1110 877 1154 910 οἷς
1168 879 1269 917 ἐκείνη
1280 891 1358 920 χρη·
1398 886 1416 912 5

135 943 255 981 σαμένη
270 942 489 984 διαφθείρεται·
506 942 556 973 καὶ
575 943 591 973 ὁ
608 942 713 982 Κρέων
728 941 771 977 δὲ,
786 942 987 982 περιπλακεὶς
1001 945 1045 984 τῇ
1064 944 1204 984 θυγατρὶ,
1227 943 1364 975 ἀπόλλυ-

128 1021 191 1038 ται.
230 1007 349 1045 Μήδεια
361 1007 405 1043 δὲ,
418 1006 490 1038 τοὺς
500 1007 612 1044 ἑαυτῆς
625 1007 736 1037 παῖδας
748 1005 967 1046 ἀποκτείνασα,
980 1008 1028 1047 ἐφ’
1040 1007 1175 1048 ἅρματος
1187 1008 1361 1048 δρακόντων

129 1073 305 1112 πτερωτῶν,
322 1071 339 1102 ὃ
371 1072 440 1112 παρ’
467 1071 576 1103 Ἡλίου
602 1072 731 1108 ἔλαβεν,
754 1070 870 1111 ἔποχος
890 1071 1054 1111 γενομένη,
1079 1071 1298 1112 ἀποδιδράσκει
1321 1073 1363 1104 εἷς

130 1136 268 1172 Ἀθήνας,
284 1137 411 1168 κάκεῖσε
427 1137 517 1176 Αἰγεῖ
530 1138 575 1176 τῷ
592 1136 759 1168 Πανδίονος
773 1138 930 1175 γαμεῖται.
975 1136 1145 1177 Φερεκύδης
1159 1137 1191 1169 δὲ
1203 1138 1254 1168 καὶ
1265 1141 1363 1176 Σιμω-

132 1200 216 1237 νίδης
227 1201 334 1240 φασὶν,
351 1202 389 1233 ὡς
402 1201 421 1239 ἡ
434 1201 554 1240 Μήδεια
570 1202 716 1241 ἑψήσασα
729 1201 785 1232 τὸν
800 1201 926 1232 Ἰάσονα
937 1202 1006 1233 νέον
1015 1202 1166 1239 ποιήσειε·
1182 1202 1249 1243 περὶ
1263 1202 1294 1234 δὲ
1306 1203 1363 1234 τοῦ
1379 1206 1420 1234 10

131 1265 248 1304 πατρὸς
264 1267 369 1302 αὐτοῦ,
386 1267 526 1301 Αἴσονος,
544 1268 560 1297 ὁ
576 1267 649 1299 τοὺς
665 1266 807 1298 Νόστους
822 1266 954 1303 ποιήσας
968 1266 1066 1306 φησὶν
1080 1266 1184 1298 οὕτως·

259 1331 378 1362 Αὐτίκα
393 1332 418 1362 δ’
434 1332 552 1362 Αἴσονα
567 1333 639 1369 θῆκε
655 1331 750 1372 φίλον
769 1331 859 1371 κόρον
874 1331 1031 1372 ἡβώοντα,

260 1397 360 1435 γῆρας
376 1396 547 1435 ἀποξύσασ’
563 1396 690 1439 εἷδυίῃσι
706 1397 907 1436 πραπίδεσσι,

261 1460 412 1502 φάρμακα
425 1463 521 1492 πόλλ’
537 1462 642 1502 ’ἐψουσ’
659 1461 707 1493 ἐπὶ
724 1462 899 1502 χρυσείοισι
913 1462 1058 1499 λέβησιν.

176 1524 336 1564 Αἰσχύλος
348 1527 373 1556 δ’
387 1527 421 1556 ἐν
431 1528 500 1558 ταῖς
513 1526 666 1558 Διονύσου
685 1528 816 1566 Τροφοῖς
846 1526 898 1566 [Τ.
926 1526 972 1556 ΙΙ.
1005 1537 1034 1565 ρ.
1064 1528 1138 1557 639.
1164 1525 1214 1555 ed.
1240 1525 1418 1566 Pauw.]15

135 1589 263 1628 ἱστορεῖ,
280 1590 328 1621 ὅτι
345 1590 396 1621 καὶ
412 1592 467 1623 τὰς
482 1591 636 1623 Διονύσου
650 1593 784 1632 τροφοὺς
805 1591 886 1631 μετὰ
907 1593 969 1622 τῶν
992 1591 1108 1631 ἀνδρῶν
1131 1590 1233 1621 αὐτῶν
1251 1590 1360 1629 ἆνεψή-

134 1664 228 1689 σασα,
245 1654 436 1693 ἐνεοποίησε.
483 1656 647 1696 Στάφυλος
662 1657 696 1688 δέ
707 1663 795 1697 φησι,
810 1656 867 1687 τὸν
881 1655 1005 1687 Ἰάσονα
1019 1654 1136 1695 τρόπον
1149 1655 1217 1686 τινὰ
1234 1654 1291 1686 ὑπὸ
1305 1656 1361 1692 τῆς

135 1717 270 1753 Μηδείας
284 1718 487 1758 ἀναιρεθῆναι·
504 1722 752 1761 ἐγκελεύσασθαι
767 1722 828 1761 γὰρ
845 1721 940 1758 αὐτὴν
957 1720 1014 1751 ὑπὸ
1031 1721 1071 1761 τῇ
1085 1719 1205 1761 πρύμνῃ
1222 1721 1279 1757 τῆς
1292 1720 1359 1758 Ἀρ-

136 1858 154 1874 *
179 1858 238 1889 Ed.
252 1859 342 1892 Lasc.
358 1860 514 1894 Ὓπόθεσις
527 1863 664 1901 Μηδείας
677 1864 733 1896 Εὐ-

92 1901 218 1940 ριπίδου.

139 1944 225 1974 vers.
243 1948 273 1976 1.
297 1949 310 1976 1
326 1946 358 1975 in
375 1946 486 1978 Ἰάσων
500 1954 532 1979 et
545 1949 663 1979 literam
681 1960 736 1979 cu-

89 1987 200 2026 jusque
216 1988 329 2017 fabulae
345 1990 496 2020 initialem
513 1993 629 2022 omittit
644 1993 736 2022 Lasc.

95 2036 206 2068 postea
222 2030 345 2061 scilicet
360 2032 607 2064 illuminandam.

135 2075 168 2102 4,
195 2072 236 2103 V.
252 2073 327 2113 πρὸς
337 2073 410 2112 μίαν
421 2075 472 2114 ἡμ.
493 2076 592 2107 Beck.

136 2118 168 2145 5.
193 2116 327 2154 κρυσοῦν
340 2117 378 2147 L.

94 2160 169 2228 Alfi.
194 2157 234 2187 V.
249 2159 265 2188 ὅ
281 2162 336 2200 Κρ.
353 2159 390 2197 δὴ
405 2172 472 2200 περ.
488 2161 589 2192 Beck.
601 2161 633 2193 δὲ
648 2162 738 2192 Lasc.

139 2245 190 2272 10.
208 2242 250 2273 V.
266 2243 460 2283 ἆνεψήσασα.
478 2246 580 2276 Beck.

139 2287 191 2315 12.
214 2285 353 2316 Eosdem
367 2298 474 2318 versus
490 2299 507 2318 e
531 2288 665 2321 Νόστοις
681 2289 733 2318 ha-

95 2327 146 2355 bet
173 2328 365 2359 Scholiastes
401 2331 441 2360 ad
471 2330 634 2371 Aristoph.
674 2331 734 2371 Eq.

96 2372 190 2399 1318.
207 2371 286 2400 etin
302 2381 357 2401 suo
378 2372 538 2413 Euripidis
553 2373 660 2404 codice
681 2374 734 2402 ha-

92 2411 163 2440 buit
178 2412 293 2444 Christi
308 2414 462 2445 Patientis
475 2416 617 2456 scriptor,
640 2420 675 2446 ut
697 2415 734 2446 li-

94 2460 170 2492 quet
184 2465 222 2485 ex
239 2455 308 2496 ejus
324 2467 413 2487 versu
429 2460 504 2488 933.

140 2500 189 2527 1-1.
213 2497 255 2528 V.
272 2497 388 2538 ἔψουσα
403 2505 435 2530 et
449 2499 623 2541 χρυσέοισι.
635 2500 735 2530 Beck.

94 2537 169 2568 Ald.
186 2539 278 2571 Lasc.
294 2541 461 2581 χρυσίοισι.
477 2542 595 2582 ἔψαυσα
610 2544 648 2573 L.
660 2542 732 2571 Ald-

92 2580 210 2617 ἔψουσα
224 2583 295 2613 edd.
310 2595 374 2615 rec.
394 2584 447 2624 [L.
464 2585 507 2616 ε’νὶ
519 2597 553 2625 χ.
569 2591 602 2616 λ.
614 2585 653 2615 V.
666 2584 732 2614 He·

92 2622 192 2654 rodot.
206 2626 227 2656 i.
244 2636 272 2658 c.
285 2630 338 2659 47.
353 2627 528 2660 48.—Haec
544 2628 619 2659 olim
635 2627 730 2667 scrip-

779 1863 820 1893 si:
840 1868 872 1892 et
882 1862 924 1892 ἐνὶ
936 1860 1024 1891 dedit
1036 1860 1168 1891 Wolfius
1178 1860 1211 1890 in
1227 1860 1420 1900 Fragmenlis

780 1905 967 1938 Homericis,
1005 1914 1074 1944 quae
1104 1903 1238 1944 Hymnis
1278 1903 1421 1944 subjecit.

780 1948 874 1978 Nunc
888 1947 936 1977 ἐπὶ
951 1956 1013 1976 non
1029 1946 1194 1976 solicitem.
1231 1944 1421 1976 Scho'iastes

781 1991 819 2021 ad
841 1990 1002 2028 Aristoph.
1032 1989 1112 2029 Equ.
1142 1991 1217 2019 782.
1249 1988 1358 2027 (769.)
1389 1999 1420 2028 p.

781 2036 855 2064 592.
865 2033 915 2062 ed.
927 2032 1027 2061 Dina.
1037 2030 1171 2071 κρεάγρα
1181 2030 1213 2061 δὲ
1227 2031 1343 2070 εἴρηται
1360 2031 1420 2061 ἀπὸ

780 2077 837 2107 τοῦ
850 2075 891 2105 τὰ
904 2073 979 2114 κρέα
992 2074 1041 2104 ἐπὶ
1055 2075 1121 2104 τοῖς
1135 2073 1269 2110 λέβησιν
1280 2072 1421 2113 ἀγρεύειν

782 2118 832 2149 καὶ
848 2117 1002 2156 ἀνασπᾷν.
1047 2116 1236 2155 Quanquam
1250 2125 1354 2145 verum
1373 2122 1422 2146 est

784 2161 827 2192 ἐνὶ
843 2166 875 2190 et
891 2159 940 2190 ἐπὶ
956 2160 988 2188 in
1003 2159 1117 2188 talibus
1133 2158 1341 2188 locutionibus
1350 2169 1421 2198 pas-

777 2205 836 2233 sim
864 2202 1026 2232 confundi.
1072 2201 1227 2231 Homerus
1259 2201 1297 2230 11.
1335 2201 1419 2231 xviii.

777 2249 850 2277 349.
880 2243 976 2283 αὐτὰρ
1005 2242 1109 2279 ἐπειδὴ
1139 2241 1254 2282 ζέσσεν
1277 2243 1354 2283 ὕδωρ
1377 2244 1420 2274 ἐνὶ

777 2289 868 2325 ἤνοπι
882 2287 1005 2325 χαλκῷ.
1020 2287 1060 2317 al.
1078 2284 1137 2316 ἐπὶ.
1162 2285 1202 2314 V.
1217 2285 1321 2326 Heyn.
1333 2286 1371 2316 ad
1389 2288 1420 2316 h.

778 2332 800 2360 l.
816 2337 838 2362 t.
855 2330 909 2359 vii.
926 2339 955 2369 p.
969 2332 1042 2360 483.
1071 2329 1113 2359 G.
1127 2328 1173 2358 H.
1186 2327 1235 2367 S.]

823 2377 874 2403 15.
898 2373 931 2403 ἐν
945 2372 1012 2402 ταῖς
1023 2371 1080 2401 τοῦ
1095 2371 1132 2400 L.

825 2418 876 2446 17.
900 2413 936 2444 δέ
953 2420 1031 2453 φησι
1046 2414 1084 2444 L.
1102 2412 1177 2442 Ald.
1217 2412 1284 2452 [Sic
1307 2414 1418 2452 corrigi

775 2457 871 2498 jussit
886 2457 1019 2486 Porsen.
1042 2457 1074 2486 in
1098 2455 1205 2496 primae
1230 2456 1306 2485 edit.
1351 2456 1418 2486 Ad-

778 2500 873 2528 dend.
895 2499 958 2529 Sed
971 2499 1053 2539 vulg.
1070 2497 1102 2529 δὲ
1117 2504 1193 2538 φησι
1204 2498 1332 2538 reliquit
1343 2498 1419 2528 edit.

778 2541 895 2571 noviss.
913 2542 1049 2571 Londin.
1075 2542 1117 2572 G.
1134 2541 1180 2571 H.
1192 2539 1245 2579 S.]

822 2588 873 2615 18.
895 2583 998 2625 πρύμῃ
1014 2589 1046 2614 et
1061 2593 1134 2613 mox
1149 2581 1269 2622 πρύμης
1285 2581 1323 2613 L.
1339 2582 1414 2613 Ald.
