1566 2789
171 67 229 108 76
446 81 662 107 ADDENDA
686 82 734 108 IN
758 82 884 109 N0T1s
907 83 966 110 AD
989 84 1219 112 HECUBAM.

166 177 341 216 bendum
361 191 447 216 esse
466 179 711 232 Τηλέμαχον.
770 181 848 219 Sed
869 182 1065 232 vulgatam
1085 183 1136 220 ibi
1157 183 1386 233 scripturam
1403 187 1489 220 tue-

169 237 231 269 tur
248 231 293 270 Il.
317 233 347 270 Ι.
370 234 460 269 665
481 245 597 283 quam
627 241 859 272 structuram
889 237 1080 286 probabat
1105 235 1351 274 Aristarchus
1371 235 1487 273 etiam

170 297 207 323 v.
234 285 321 323 132.
356 292 394 323 et
414 287 506 323 274.
537 285 713 335 ejusdem
736 287 989 337 Rhapsodiae.
1047 289 1261 339 Sophocles
1282 288 1344 338 Aj.
1369 290 1485 326 1044.

169 341 223 375 τίς
249 337 279 375 δ’
309 339 422 383 ἐστὶν,
444 337 555 375 ὅντιν’
576 339 693 386 ἄνδρα
713 344 975 390 προσλεύσσεις
995 350 1174 390 &rpem-0173
1202 341 1484 392 Aristophanes

170 389 273 427 Rau.
294 392 385 429 889.
408 393 523 439 έτεροι
544 396 615 441 γάρ
635 396 744 438 εἰσιν,
764 399 862 431 οἱσιν
881 393 1039 445 εὔχομαι
1058 395 1417 432 6e01s.Brunckius
1438 407 1485 432 ex

168 445 330 481 membr.
350 444 458 482 dedit
477 442 574 481 οὶσιν
594 448 767 496 εὔχομαι,
783 449 873 484 θεοί.
919 448 1065 484 Vereor
1083 454 1125 484 ut
1138 447 1238 497 jure.
1270 447 1486 484 Pausanias

167 496 206 535 ii.
228 509 263 534 C.
286 498 349 534 31.
370 499 440 534 εἶσὶ
471 496 524 544 δὲ,
553 500 593 535 ἃς
614 500 812 544 Ἀθηιαῖοι
844 499 1077 548 Τροιὲηνίοις
1103 506 1280 548 γυναῖκας
1297 502 1354 537 καὶ
1377 505 1486 538 τέκνα

169 549 312 587 ἔδωκαν
352 552 499 590 σώὲειν.
557 552 618 599 (In
654 551 698 588 iis
732 565 820 601 quae
857 553 1099 602 praecedunt,
1121 559 1269 590 mutato
1308 559 1487 598 accentu,

167 602 437 640 scribendum:
459 606 564 640 λιθου
580 607 637 642 καὶ
654 606 760 641 αὗται
776 607 835 642 καὶ
849 605 882 641 οἱ
902 605 1041 643 παῖδες.
1061 606 1125 643 ubi
1147 606 1279 643 vitium
1300 613 1486 644 accentus

167 655 391 693 Siebelisius
412 656 600 694 intactum
621 657 806 707 reliquit.)
837 657 945 695 Idem
961 671 997 696 v.
1020 672 1053 696 c.
1080 660 1141 696 12.
1171 659 1222 696 in.
1245 657 1347 696 ὀδοὺς
1366 657 1406 695 δὲ
1425 662 1487 696 οὐκ

168 710 272 746 ἔστιν
304 710 372 760 ὅτῳ
407 707 559 756 δεύτερα
588 715 768 759 παρέσται
799 711 883 761 ἒὼῳ
914 718 985 748 τῶν
1007 728 1052 759 γε
1082 711 1151 756 ἤδη
1181 714 1347 749 τελείων.
1378 711 1484 749 Add-

166 761 335 799 Lobeck.
357 761 407 798 ad
429 762 612 812 Sophocl.
636 763 697 813 Aj.
713 776 751 812 p.
774 764 864 800 343.
883 771 923 800 et
943 765 1032 800 381.
1081 764 1214 808 Vides,
1242 763 1281 799 in
1310 764 1368 801 his
1389 764 1486 802 loeis

166 815 453 852 substantivum
475 814 611 864 trajici.
670 815 748 852 Sed
769 814 871 852 idem
891 816 1032 853 accidit
1053 816 1248 866 epithetis.
1292 816 1487 854 Homerus

166 867 212 904 Il.
233 866 277 906 Ξ,
302 870 388 905 172.
418 869 458 903 τό
490 868 538 916 ῥά
571 868 605 904 οἱ
625 870 853 918 τεθυωμένον
886 867 963 913 ἧεν.
1009 868 1212 919 Euripides
1240 868 1370 907 Orest.
1393 871 1488 908 844.

165 922 225 959 οὕς
246 937 303 958 σοι
323 920 516 970 δυστυχεῖς
535 923 606 965 ἥκω
625 924 758 970 φέρων.
787 920 1015 957 Theocritus
1037 922 1167 971 Epigr.
1189 922 1238 959 iv,
1260 928 1355 958 extr.
1377 924 1486 970 ἄρνα,

163 974 229 1012 τὸν
266 974 363 1024 ἰ’σχω
393 974 560 1010 σακίταν.
616 972 937 1022 (Elegantissima
969 979 1030 1010 est
1057 974 1095 1010 in
1124 974 1191 1011 illo
1211 974 1380 1012 carmine
1410 976 1490 1013 voti

162 1027 381 1071 conversio,
400 1037 517 1075 quam
558 1026 790 1075 Interpretes
829 1031 895 1062 aut
931 1025 1047 1076 plane
1084 1039 1161 1063 non
1200 1027 1488 1075 intellexerunt,

161 1079 267 1118 unde
290 1079 419 1130 gravis
441 1078 592 1116 Heinsii
612 1085 651 1115 et
681 1078 928 1115 Valckenarii
946 1092 1050 1116 error
1077 1080 1315 1129 vulgatum’
1299 1096 1488 1134 ανανευσῃ

161 1145 364 1184 perperam
385 1130 677 1177 solicitantium,
698 1139 766 1169 aut
785 1131 912 1169 minus
944 1132 1073 1169 lucide
1093 1132 1349 1171 illustrarunt.
1405 1121 1488 1172 Pri·

163 1199 269 1223 mum
290 1185 451 1235 aliquid,
473 1185 579 1235 quod
611 1184 757 1235 petenti
783 1184 1002 1235 jucundum
1024 1186 1086 1230 sit,
1107 1198 1130 1223 a
1159 1185 1314 1236 Priapo,
1333 1185 1489 1225 victima

162 1238 352 1277 mercedis
382 1238 467 1277 loco
488 1238 692 1289 promissa,
721 1238 937 1288 expetitur:
969 1215 1110 1276 deinde
1131 1242 1231 1288 παρὰ
1251 1238 1486 1288 προσδοκίαν,

163 1292 196 1330 si
216 1292 280 1329 ille
299 1305 433 1343 preces
454 1305 531 1329 non
553 1291 687 1328 audiat
705 1298 921 1342 petensque
949 1292 1118 1342 potiatur
1135 1292 1342 1338 contrario,
1363 1292 1486 1332 multo

161 1345 398 1383 luculentior
432 1358 580 1383 merces
620 1345 888 1395 Lampsaceno
918 1345 1147 1395 spondetur.
1205 1344 1312 1382 Nihil
1343 1345 1382 1382 in
1412 1346 1486 1393 his,

107 1435 115 1437 A
161 1399 269 1449 quod
288 1398 488 1450 ingenium
510 1398 730 1449 Priapeium
748 1397 900 1448 prodat,
916 1406 1174 1449 poterantque
1189 1398 1336 1437 eaedem
1350 1411 1486 1449 preces

161 1465 240 1489 non
261 1452 389 1489 minus
410 1452 610 1502 eleganter
626 1452 710 1489 aliis
731 1451 953 1489 numinibus
976 1452 1024 1489 de
1044 1465 1162 1502 grege
1183 1452 1487 1503 petulantiorum

161 1505 348 1551 adhiberi,
368 1506 441 1543 etsi
477 1506 617 1555 Priapo
649 1505 802 1555 proprie
835 1512 874 1543 et
902 1512 1089 1556 tanquam
1114 1506 1201 1555 jure
1222 1505 1487 1553 adhibentur.)

160 1559 250 1596 Alia
280 1560 479 1609 congessit
511 1559 681 1597 Lobeck.
714 1559 740 1597 l.
773 1572 808 1596 c.
839 1572 878 1609 p.
907 1560 997 1597 382.
1056 1558 1134 1596 Sed
1168 1566 1256 1596 utut
1274 1558 1359 1596 haec
1381 1566 1487 1605 sunt,

159 1612 305 1657 omnia,
332 1619 376 1650 ut
402 1625 490 1651 vere
507 1612 655 1650 monuit
683 1612 888 1657 Matthiae,
907 1613 955 1649 ab
977 1612 1187 1663 Euripideo
1206 1613 1306 1657 loco,
1340 1610 1387 1649 de
1408 1624 1486 1662 quo

158 1665 220 1703 hic
238 1666 378 1716 agitur,
399 1666 638 1717 discrepant.
697 1665 803 1702 Nihil
825 1672 951 1702 autem
969 1666 1003 1703 ei
1025 1666 1186 1703 similius
1206 1665 1334 1702 adhuc
1348 1665 1486 1715 reperi,

157 1731 275 1770 quam
305 1719 411 1769 quod
444 1719 587 1770 legitur
620 1719 749 1757 Orest.
779 1720 871 1757 571.
891 1719 1101 1769 Ἐἓημίωσε
1123 1723 1261 1768 πατέρα
1284 1720 1486 1756 κάπέκτειν’

160 1773 264 1822 ἐμόν.
285 1772 333 1810 G.
358 1773 413 1810 H.
432 1772 492 1819 S.]

219 1826 336 1863 1141.
366 1826 463 1862 Rem
484 1825 612 1862 tritam
633 1824 746 1861 nimis
773 1831 813 1861 et
843 1824 1041 1874 vulgarem
1064 1824 1228 1862 fortasse
1251 1826 1485 1872 quibusdam

162 1883 350 1915 annotare
383 1877 568 1920 videbor3
615 1878 702 1914 ἀλλ’
743 1877 837 1926 ὅμως
871 1880 1069 1925 εἰρήσεται.
1127 1876 1285 1913 Scilicet
1318 1878 1354 1915 in
1390 1879 1484 1930 ipsis

163 1930 448 1968 Grammatices
488 1930 689 1967 elementis
729 1929 928 1974 docemur,
966 1936 1135 1967 ‘neutra
1167 1928 1332 1978 pluralia
1366 1934 1485 1971 verbo

162 1983 351 2034 singulari
372 1982 569 2033 gaudere,'
600 1995 689 2020 mox
717 1995 807 2019 vero
838 1982 939 2019 hanc
970 1983 1143 2032 regulam
1163 1982 1385 2031 complures
1418 1998 1485 2022 ex-

161 2036 363 2087 ceptiones
384 2036 601 2073 admittere.
658 2035 856 2078 Quantum
891 2036 1071 2085 equidem
1102 2035 1279 2085 judicare
1311 2049 1485 2087 possum,

161 2096 310 2127 veteres
344 2089 463 2127 Attici
494 2089 593 2126 hanc
621 2087 830 2133 licentiam,
852 2087 883 2124 si
905 2089 1054 2126 scilicet
1074 2087 1229 2125 licentia
1248 2089 1486 2138 appellanda

163 2148 237 2187 est,
258 2149 301 2180 ut
321 2143 474 2202 plurale
490 2143 647 2179 verbum
681 2141 806 2177 neut1i
836 2140 975 2190 plurali
1009 2140 1254 2190 subjicerent,
1285 2155 1484 2192 nunquam

162 2197 418 2246 usurpabant,
439 2195 512 2232 nisi
532 2194 598 2232 ubi
618 2194 666 2231 de
688 2193 949 2231 animantibus
971 2201 1160 2244 ageretur.
1217 2193 1308 2239 Sed,
1341 2195 1373 2232 si
1403 2197 1488 2246 plu-

162 2248 243 2286 rale
265 2249 423 2286 verbum
444 2248 528 2285 sine
549 2247 771 2285 discrimine
799 2245 981 2284 adhibere
1001 2246 1185 2290 licuisset,
1217 2259 1266 2282 an
1301 2247 1485 2287 credibile

163 2308 225 2338 est
256 2307 335 2338 tam
355 2301 562 2339 commoda
589 2300 744 2338 licentia
762 2307 840 2336 tam
861 2311 946 2336 raro
977 2298 1196 2336 abusuros?
1227 2296 1485 2339 Occurrerent

163 2360 260 2400 tum,
283 2355 433 2404 opinor,
454 2353 620 2404 plurima
646 2352 760 2402 hujus
791 2364 885 2388 usus
914 2353 1105 2403 exempla,
1125 2365 1214 2402 quae
1233 2365 1301 2402 per
1320 2360 1484 2391 metrum

164 2384 351 2456 refirigere
386 2407 494 2444 nullo
527 2405 645 2444 modo
675 2416 894 2455 possemus.
954 2404 1067 2442 Nunc
1088 2417 1214 2455 pauca
1232 2417 1291 2450 ea,
1312 2418 1400 2455 quae
1421 2419 1486 2444 oc·-

164 2467 337 2506 currunt,
359 2459 577 2510 generalem
609 2458 783 2508 regulam
814 2456 999 2506 singulari
1025 2470 1096 2494 sua
1114 2457 1263 2495 ratione
1283 2459 1484 2497 stabiliunt

164 2513 309 2562 potius,
330 2526 447 2564 quam
462 2512 700 2551 convellunt.
759 2510 881 2547 Recte
914 2509 1012 2548 dixit
1047 2510 1250 2566 Euripides
1286 2511 1402 2549 Herc.
1438 2513 1483 2552 F.
