1566 2789
142 97 182 138 vi
672 96 947 135 PRAEFA'rio.

143 207 260 262 quod
293 204 466 247 monuit
514 204 749 246 Piersonus
781 205 837 245 ad
873 205 1051 246 Moerin.
1124 203 1295 244 Eodem
1329 203 1460 244 modo

143 267 342 306 dixerunt
361 261 424 312 οἷς,
446 263 579 311 οἷο-τος,
603 264 756 312 Οἰκλῆς,
779 261 922 310 Οἰλεὺς,
940 274 1191 314 quanquam
1210 261 1250 301 in
1272 261 1460 312 vulgatis

141 322 264 363 lituis
296 321 376 360 has
412 332 545 361 voces
573 320 668 359 sine
701 320 874 372 punctis
905 319 1137 359 diaereseos
1158 317 1273 358 haud
1301 321 1460 358 torneie

144 378 352 419 offendes.
421 375 586 417 Aldina
616 389 720 417 vero
761 375 964 428 AEschyli
1009 375 1144 415 editio
1194 372 1304 424 οἰζύος
1344 380 1460 414 recte

142 437 289 476 habet.
350 433 405 474 In
436 433 647 486 Euripide
689 446 829 486 usque
880 433 936 472 ad
984 432 1099 472 hunc
1131 431 1247 471 diem
1288 444 1461 483 semper

146 492 312 532 editum
334 493 401 530 est
421 490 557 537 ὀϊστὸς,
583 493 735 530 contra
754 502 908 530 versus
929 494 1129 537 metrum,
1151 491 1303 528 contra
1322 501 1460 540 gram-

144 549 406 589 maticorum
426 547 746 587 auctoritatem.
777 546 914 600 (Vide
936 546 990 585 ad
1014 545 1132 584 Med.
1154 545 1272 593 6:34.)

202 605 358 674 Suppl.
379 603 478 644 800.
528 603 667 644 Recte
717 602 862 643 Aldus
907 606 950 643 ct
980 601 1280 650 Robortellus,
1311 599 1392 653 νέφη
1435 601 1460 638 δ’

146 663 185 700 ὑδ
208 660 296 710 ηλά.

170 679 256 758 A§In
295 718 536 770 fragmento
556 716 782 768 legendum
825 714 915 769 μέγ’
956 713 1035 755 ἐστ’
1071 713 1184 767 ἴαμα,
1222 715 1459 766 quomodo,

147 774 263 828 quod
284 775 453 818 mirere,
475 774 668 813 correxit
689 772 907 813 Giotius*
939 774 1145 824 Excerpt.
1167 786 1210 824 p.
1233 774 1300 811 55.
1316 776 1346 820 †

204 830 334 871 Nunc
353 830 407 870 ad
429 829 691 882 Sophoclem
714 831 954 868 veniamus.
987 830 1039 868 In
1061 829 1201 880 primo
1218 828 1317 867 loco
1338 841 1462 869 nemo

145 900 233 928 non
255 887 376 928 videt
397 898 532 939 quam
553 884 807 925 inconcinne
826 885 944 924 istud
972 900 1059 923 ποτε
1092 888 1295 936 ponatur,
1325 898 1461 937 quam

145 946 189 983 in
212 942 541 996 pronunciando
572 954 750 993 prorsus
789 941 1062 981 obscuretur.
1118 940 1188 993 [x]
1221 940 1331 980 Cum
1362 955 1460 982 vero

145 1000 251 1040 nihil
282 999 428 1039 mendi
447 999 488 1038 in
516 998 698 1050 singulis
718 998 863 1038 verbis
884 997 1062 1046 haereat,
1085 997 1358 1049 cogitandum
1379 1005 1459 1046 cst,

147 1069 201 1096 an
223 1056 455 1096 commoda
475 1054 816 1107 transpositione
836 1058 972 1094 metro
995 1054 1188 1094 succurri
1211 1059 1356 1106 queat.
1403 1055 1461 1095 Et

145 1114 232 1152 hoc
265 1112 441 1165 quidem
474 1115 538 1151 tot
559 1111 700 1151 modis
722 1111 812 1151 fieri
836 1115 998 1164 potest,
1022 1115 1072 1150 ut
1093 1115 1270 1163 propter
1286 1112 1459 1164 copiam

148 1168 338 1210 difficilis
360 1169 418 1209 sit
439 1168 615 1208 electio.
676 1167 784 1219 Legi
805 1181 962 1238 nempe
983 1171 1130 1220 potest

346 1226 418 1266 vel
450 1225 528 1264 Οὐκ
548 1241 593 1264 αν
613 1222 687 1263 ποθ’
710 1222 810 1271 οὗτος
832 1225 974 1277 εὐγενὴς
988 1222 1125 1293 γένοιτ’
1147 1223 1247 1276 ἁνήρ.

345 1282 417 1323 vel
450 1283 528 1320 Οὐκ
546 1298 588 1320 αν
607 1278 739 1349 γένοιτ’
760 1280 849 1335 α’νῆρ
869 1280 942 1320 ποθ’
966 1287 1067 1326 οὑτος
1089 1280 1246 1334 εὐγενής.

346 1338 416 1379 vel
451 1339 528 1377 Οὐκ
550 1335 593 1376 ἂν
612 1353 658 1391 γε
646 1335 741 1377 ”νοιθ
757 1337 857 1384 οὑτός
877 1337 958 1376 ποτ’
980 1340 1121 1392 εὐγενὴς
1135 1337 1242 1393 εἰνῆρ.

148 1396 203 1437 Et
231 1394 335 1436 huic
366 1395 507 1436 ordini
537 1394 861 1448 quodammodo
891 1394 1009 1435 favet
1051 1394 1199 1434 Suidae
1237 1408 1275 1434 v.
1307 1398 1457 1446 μνῆστις

148 1453 282 1495 editio
315 1446 679 1501 Mediolanensis,
715 1465 816 1505 quae
850 1466 938 1491 ποτε
960 1451 1136 1492 omittit.
1198 1451 1283 1492 Sed
1305 1466 1457 1494 omnes

188 1569 203 1583 *³
229 1567 371 1600 Correxit
386 1568 515 1600 Grotius
528 1579 545 1599 e
558 1568 705 1610 Scaligeri
720 1569 948 1600 emendatione.

187 1614 203 1644 ἰ
227 1611 302 1642 Νοιι
324 1617 430 1642 tamen
454 1613 652 1642 dissimulabo
672 1612 879 1652 suspicionem
899 1621 1008 1645 meam,
1032 1610 1254 1640 vocabulum
1241 1622 1313 1648 ιαμα
1336 1611 1458 1641 seriori>

146 1654 204 1684 aevi
226 1664 294 1684 esse
319 1660 351 1685 et
372 1655 528 1685 veteribus
549 1655 714 1695 Tragicis
706 1653 1047 1694 1on01um.AEsch)1i
1070 1663 1176 1682 veisus
1201 1657 1248 1682 est
1264 1652 1347 1692 apud
1360 1654 1456 1683 Scho-

146 1697 258 1726 liasten
282 1697 447 1736 Sophoclis
471 1698 511 1727 ad
536 1697 650 1727 Electr.
674 1700 747 1728 286.
792 1697 833 1727 ol
853 1708 889 1727 τε
913 1696 1068 1737 (Biunck.
1092 1695 1121 1725 οἵ
1131 1694 1196 1733 τοι)
1213 1695 1381 1733 στεναγμοὶ
1395 1708 1458 1726 των

145 1737 275 1769 πόνων’
261 1739 436 1780 ερείσ-ματα.
480 1739 543 1770 Sed
560 1739 688 1769 Homeri
703 1739 888 1769 scholiastes
903 1749 921 1768 a
933 1738 1107 1768 Villoisono
1124 1737 1226 1767 editus
1241 1737 1280 1767 ad
1295 1738 1334 1766 ll.
1350 1742 1388 1768 Ψ.
1406 1742 1444 1769 1..
1426 1742 1457 1768 ).

146 1780 262 1819 ἰάματα
283 1793 339 1822 pro
356 1781 520 1822 ἐρείσματα
534 1782 701 1812 substituit.
746 1781 914 1811 Menandri
928 1782 1012 1810 locus
1037 1780 1120 1819 apud
1137 1780 1292 1809 Stobaeum
1309 1786 1340 1809 et
1358 1780 1459 1810 Cleii-

146 1834 217 1853 cum
231 1835 262 1864 p.
279 1827 352 1855 276.
364 1825 407 1854 ita
420 1825 525 1861 fertur,
540 1823 640 1861 λύπης
655 1823 755 1864 ἰατρός
771 1825 856 1855 ἐστιν
870 1822 1033 1862 ἀνθρώποις
1048 1821 1154 1861 λόγος·
1177 1823 1279 1861 ψυχῆς
1293 1822 1352 1862 ’γὰρ
1367 1821 1457 1854 οὗτος

146 1864 280 1903 μόνος“’
264 1878 331 1904 εχει
357 1866 481 1905 ἰάματα·
506 1867 557 1897 ubi
587 1867 687 1897 hiatus
712 1867 821 1896 vitium
843 1866 958 1906 prodit,
981 1875 1112 1905 nequeo
1099 1864 1221 1894 admitti
1235 1870 1339 1904 potest
1353 1866 1459 1905 erasis,

148 1918 242 1947 quam
256 1908 345 1947 fingit
359 1909 531 1950 Bentleius,
545 1908 710 1948 ταῖάματα.
755 1909 797 1938 Et
811 1909 912 1939 hiatus
926 1907 1050 1948 quidem
1072 1908 1138 1936 tolli
1159 1913 1262 1947 potest
1280 1917 1339 1946 ope
1361 1907 1455 1938 Scho-

145 1950 246 1979 liastae
262 1949 479 1981 Vilioisoniani
500 1952 540 1982 ad
562 1952 600 1982 ΙΙ.
624 1956 660 1982 O.
686 1954 760 1984 393.
775 1951 829 1992 qui
851 1951 927 1991 legit
941 1949 1146 1989 κουφισματα,
1163 1951 1245 1989 quod
1261 1951 1352 1979 etiam
1367 1950 1457 1980 habet

113 2020 116 2021 ι
148 1990 257 2022 Codex
269 1991 496 2024 Townleianus.
539 1994 602 2024 Sed
617 1995 783 2034 legendum
798 2000 845 2023 est
857 1994 964 2032 partim
980 2003 1015 2022 ex
1032 1993 1078 2021 his
1099 1992 1277 2022 Scholiastis
1294 1993 1401 2029 partim
1419 2003 1457 2022 ex

146 2033 244 2064 altero
259 2033 299 2063 ad
320 2034 463 2080 AEschyli
485 2036 587 2067 Prom.
604 2040 677 2068 378
720 2036 801 2077 Ἰατρ
803 2035 860 2067 ὅς’
847 2047 930 2067 εστιν
943 2036 959 2065 ὁ
973 2034 1071 2073 λόγος
1085 2034 1249 2074 ἀνθρώποις
1264 2034 1371 2065 νόσων·
1395 2039 1455 2065 Ψυ-

147 2077 210 2115 χῆς
229 2074 292 2115 ’γὰρ
305 2078 394 2107 οὗτος
410 2077 501 2115 μόνος
517 2078 584 2117 ἔχει
600 2077 773 2118 θελκτήρια.
820 2079 853 2109 Si
877 2079 969 2118 igitur
992 2078 1068 2115 ’[αμα
1093 2077 1236 2106 vitiosum
1250 2087 1316 2106 esse
1328 2082 1457 2112 statues

147 2119 316 2158 legendum
337 2118 406 2153 erit,
423 2118 703 2160 “Οσπερμέ’γιστον
716 2121 876 2162 φάρμακον
889 2122 1018 2151 πολλῶν
1027 2121 1139 2150 κακῶν.
1184 2118 1322 2157 [Illustre
1340 2120 1373 2148 in
1386 2120 1455 2149 loco

146 2159 315 2190 Menandri
324 2161 501 2200 exemplum
511 2164 668 2202 scripturae
678 2164 863 2193 diversitatis
877 2168 956 2192 natae
968 2172 1003 2192 ex
1014 2171 1099 2190 more
1108 2166 1248 2191 vetemm
1260 2162 1457 2192 usitatissimo

147 2203 288 2242 adeoque
298 2203 471 2233 necessario
487 2206 659 2234 memoriter
677 2205 793 2234 citandi
806 2215 911 2234 versus
924 2204 1096 2243 poetarum.
1141 2203 1357 2233 Necessarium
1373 2205 1454 2244 quod

147 2244 218 2275 dico
234 2245 319 2274 illum
334 2255 457 2280 morem,
474 2256 512 2276 ne
526 2246 593 2285 quis
609 2247 740 2282 miretur,
755 2247 869 2286 cogitet
881 2247 1033 2276 rationem
1047 2246 1236 2275 voluminum
1252 2246 1456 2284 antiquorum.

148 2297 216 2327 quae
247 2291 280 2317 et
300 2286 452 2317 laboriose
476 2289 699 2323 evolverentur,
722 2299 824 2328 neque
856 2289 1004 2318 haberent
1030 2287 1167 2317 indicum
1195 2288 1455 2319 commoditatem.

146 2329 260 2370 Itaque
281 2334 400 2360 veteres
413 2340 477 2359 non
492 2335 635 2369 poterant
648 2340 712 2360 non
727 2331 801 2360 satis
812 2331 936 2371 habere,
951 2330 974 2359 si
990 2329 1160 2359 sententias
1174 2330 1335 2370 poetarum
1350 2336 1455 2361 mente

147 2371 312 2412 complexi,
324 2372 377 2401 ubi
392 2372 508 2402 citandi
523 2373 644 2403 occasio
659 2372 803 2408 venisset,
819 2373 899 2402 haud
920 2382 987 2402 raro
1004 2371 1066 2401 suis
1087 2371 1191 2411 potius
1213 2382 1304 2412 quam
1318 2373 1453 2412 ipsorum

147 2420 305 2445 auctorum
316 2414 415 2444 verbis
431 2419 598 2445 uterentur.
618 2415 680 2445 Hic
692 2415 760 2445 fons
772 2420 820 2445 est
828 2415 994 2445 uberrimus
1004 2419 1051 2443 tot
1065 2414 1218 2453 scripture
1230 2414 1452 2450 diversitatum,

146 2467 288 2505 ⁴quarum
298 2467 391 2497 quam
415 2458 482 2488 leve
495 2458 536 2488 sit
549 2458 587 2487 ad
603 2457 733 2488 criticen
751 2463 950 2492 momentum,
966 2466 1055 2486 nemo
1070 2467 1132 2486 non
1148 2457 1312 2497 intelligat.
1357 2457 1454 2487 Velut

146 2500 179 2529 in
202 2499 255 2529 iilo
281 2498 349 2539 ipso
374 2499 492 2531 Comici
513 2501 594 2535 loco,
618 2510 679 2540 quo
701 2500 791 2532 nobis
809 2509 957 2542 sponsore
976 2499 1141 2536 constabit,
1165 2498 1238 2530 Pors
1228 2509 1334 2531 ouum
1348 2499 1451 2541 po'etae

144 2551 270 2574 manum
281 2541 476 2576 restituisse?
503 2543 546 2576 G.
560 2543 606 2576 Η.
622 2542 677 2584 S.]
