1586 2834
456 73 878 131 ΟΡΕΣΤΗΣ.

306 154 333 192 b

120 213 163 273 ’ἦν
186 215 279 286 ’γοὶξ
308 214 409 265 κατ’
434 212 579 272 οἷκους
608 212 739 279 ἔλιφ’,
767 212 827 265 ὅτ’
860 215 917 272 εἷς
946 213 1111 285 Τξοῖοιν
1131 211 1271 275 ’ἔπλεο

117 289 372 360 ποιξθένον,
361 292 447 359 εμῇ
476 311 522 339 τε
549 311 684 379 μητξι
713 287 962 360 παξὲδωκεν
991 289 1170 360 τξέφειν,

119 364 430 423 Μενέλαος,οἰ
399 361 592 428 αγαγὼν
612 361 842 434 Egpmdvnv
872 361 1081 435 Σπάρτης
1109 361 1211 425 οἵπο,

1327 378 1382 415 65

119 436 263 510 ταύτῃ
292 438 458 504 γέγηθε
487 438 792 496 κάπιληθετοιι
820 439 981 489 κακῶν.

120 512 284 575 βλέπω
312 511 356 564 Be
385 515 539 563 πᾶσαν
570 514 627 570 εἷς
656 509 760 571 ὁδον,
788 510 883 563 ποτ’
914 510 1102 580 οψομοιι

122 587 359 638 Magnam
388 587 545 646 ἥκονθ’,
567 587 618 645 ὦς
640 611 701 637 τοι
730 586 773 650 γ’
805 584 918 637 ἄλλ’
950 586 1011 637 ἐπ’
1042 588 1246 645 ἀσθενοῦς

123 661 271 730 ῥώμης
299 660 528 730 ὀχούμεθ’,
557 659 602 719 ἦν
630 684 671 712 τι
697 659 763 729 μὴ
792 661 930 712 κείνου
957 662 1086 732 πάξοι

125 737 338 805 σωθῶμεν
367 733 526 807 dvx-0509
553 738 720 807 χξῆμοι
749 734 980 804 δυστυχῶν
1010 734 1158 804 δόμος.

90 887 144 915 64.
167 883 233 914 Cur
257 888 285 914 N
311 884 435 914 finalem
458 885 490 914 in
516 883 698 915 ἐπέκλωσεν

51 938 78 957 v.
98 931 146 959 12.
171 932 202 957 et
224 927 376 957 similibus
396 927 581 963 addiderhn,
604 939 695 957 nemo

52 971 111 1000 nisi
129 970 182 1010 qui
198 971 354 1001 communi
367 981 459 1000 sensu
475 971 567 1010 plane
580 976 694 1007 careat,

52 1013 198 1053 requiret.
251 1012 314 1042 Sed
339 1018 430 1043 erunt
456 1013 586 1044 fortasse
615 1024 695 1043 non-

53 1056 145 1095 nulli,
168 1055 221 1096 qui
245 1056 345 1086 minus
364 1056 541 1087 necessario
557 1057 614 1087 hoc
631 1057 694 1087 fac-

54 1107 118 1129 tum
149 1100 325 1129 arbitraturi
353 1099 417 1129 sint
445 1099 477 1129 in
509 1099 695 1140 παρέδωκεν.

58 1141 208 1173 Rationes
221 1142 316 1182 igitur
327 1143 421 1172 semel
433 1153 598 1183 exponam,
615 1153 694 1173 nun-

53 1196 145 1225 quam
185 1186 316 1226 posthac
347 1185 531 1216 moniturus.
586 1186 694 1222 Quan-

53 1238 148 1268 quam
162 1228 246 1257 enim
262 1238 345 1268 soepe
361 1229 497 1269 syllabas
509 1234 621 1259 natura
631 1229 699 1260 bre-

55 1281 110 1301 ves
122 1272 277 1311 positione
292 1271 472 1311 producunt
480 1272 616 1312 Tragici,
630 1273 698 1302 lon-

55 1325 92 1354 ge
116 1314 267 1344 libentius
289 1314 472 1356 corripiunt,
495 1315 573 1345 adeo
593 1321 626 1345 ut
641 1316 701 1346 tria

55 1367 153 1397 prope
168 1358 311 1398 exempla
326 1363 534 1398 correptamm
547 1358 699 1395 invenias,

54 1400 108 1430 ubi
132 1411 226 1430 unum
241 1400 335 1430 modo
350 1406 449 1431 exstet
473 1401 702 1441 productarum.

55 1443 117 1473 Sed
135 1443 192 1474 hoc
206 1454 304 1484 genus
318 1444 465 1479 licentiae,
482 1443 513 1473 in
525 1444 627 1474 verbis
640 1445 700 1475 sci-

56 1486 130 1516 licet
151 1497 214 1516 non
237 1487 430 1526 compositis,
451 1488 556 1527 qualia
577 1486 699 1524 τέκνον,

55 1529 181 1569 πατρὸς,
198 1530 312 1560 ceteris
326 1530 418 1569 longe
432 1530 626 1571 frequentius
641 1537 700 1561 est.

56 1571 167 1602 Rarius
191 1573 291 1602 multo
315 1573 437 1613 syllaba
462 1573 644 1614 producitur
665 1574 699 1603 in

57 1616 150 1645 verbo
165 1615 350 1654 composito,
367 1616 391 1645 si
408 1615 439 1644 in
455 1616 556 1657 ipsam
571 1616 699 1657 junctu-

56 1668 119 1688 ram
136 1657 231 1693 cadit,
246 1665 280 1688 ut
297 1659 328 1688 in
342 1657 545 1699 πολύχρυσος
555 1659 655 1690 Andr.
668 1664 698 1691 2.

58 1700 175 1731 Eadem
192 1702 382 1742 parsimonia
398 1702 429 1731 in
441 1703 616 1743 augmentis
628 1713 700 1743 pro-

58 1743 211 1775 ducendis
238 1749 378 1780 utuntur,
404 1750 439 1774 ut
462 1745 494 1775 in
525 1743 703 1777 ἐπέκλωσεν

59 1797 128 1827 sup.
150 1791 200 1819 12.
222 1788 393 1825 κεκλῆσθαι
415 1788 563 1828 Sophocl.
584 1789 703 1820 Electr.

59 1832 133 1861 366.
180 1829 291 1861 Rarior
306 1831 407 1861 adhuc
424 1831 550 1861 licentia
566 1837 624 1867 est,
649 1833 704 1862 ubi

62 1873 243 1913 praepositio
259 1874 351 1904 verbo
361 1873 513 1915 jungitur,
531 1879 565 1904 ut
580 1874 612 1904 in
626 1874 702 1906 ἀπό-

60 1927 169 1956 τροποι
186 1916 294 1947 Phoen.
310 1920 384 1947 595.
399 1917 511 1958 (600.)
556 1917 628 1953 Sed,
649 1918 704 1948 ubi

59 1959 188 1989 verbum
212 1960 245 1989 in
268 1960 393 1989 brevem
414 1961 555 1990 vocalem
578 1960 704 1997 desinit,

60 2011 189 2042 eamque
213 2002 283 2032 duae
298 2008 509 2033 consonantes
530 2003 704 2044 excipiunt,

62 2055 131 2084 quae
155 2045 282 2075 brevem
306 2055 433 2075 manere
456 2046 627 2086 patiantur,
656 2047 704 2078 vix

62 2088 155 2118 credo
170 2089 314 2129 exempla
328 2088 467 2118 indubiae
484 2088 558 2119 fidei
573 2089 706 2120 inveniri

63 2140 167 2170 posse,
189 2131 224 2161 in
240 2132 354 2172 quibus
370 2131 494 2172 syllaba
506 2131 568 2161 ista
589 2133 704 2172 produ-

19 2172 23 2175 *
62 2179 160 2204 catur.
204 2174 336 2215 Ineptus
352 2179 445 2209 esset,
460 2174 642 2215 quicunque
666 2175 706 2206 ad

64 2215 144 2246 Mss.
167 2216 200 2246 in
224 2218 277 2247 tali
301 2227 394 2247 causa
414 2223 610 2257 provocaret,
635 2229 706 2249 cum

64 2260 148 2288 nulla
166 2259 207 2289 sit
221 2270 330 2290 eorum
343 2260 530 2290 auctoritas:
557 2260 588 2290 id
603 2262 706 2292 solum

66 2302 227 2342 deprecor,
249 2314 290 2333 ne
305 2302 376 2343 quis
399 2308 506 2333 contra
521 2304 600 2334 hanc
616 2314 704 2344 regu-

64 2344 123 2373 lam
140 2355 247 2376 eorum
263 2345 443 2376 testimonio
460 2346 624 2383 abutatur3
643 2347 704 2387 [Α

66 2386 162 2419 busus
179 2388 302 2418 videtur
316 2388 493 2418 Lobeckius
508 2390 547 2419 ad
560 2389 706 2429 Sophocl.

66 2428 115 2470 Aj.
134 2433 228 2462 1114.
264 2430 350 2461 Sed
342 2442 374 2461 ιη
390 2431 441 2467 iis,
458 2431 624 2471 quzeidem
641 2443 704 2463 mo-

64 2472 133 2501 nuit
145 2473 184 2503 ad
196 2483 227 2504 V.
244 2477 338 2505 1109.
349 2475 502 2504 nonnulla
514 2474 629 2515 digna
620 2481 703 2512 sunt,

66 2523 135 2563 qufe
151 2516 376 2556 expendantur.
404 2518 447 2547 G.
463 2517 509 2547 H.
528 2517 563 2548 S.
569 2518 583 2558 ]
608 2518 705 2554 Mss.

67 2557 148 2587 enim
168 2569 271 2599 neque
288 2560 368 2589 alter
383 2560 474 2589 alteri
490 2561 704 2598 consentiunt,

66 2608 166 2641 neque
190 2601 275 2633 idem
292 2603 356 2633 Ms.
371 2602 431 2633 sibi
446 2603 515 2643 ipse
530 2612 586 2644 per
599 2605 705 2635 omnia

1330 751 1385 791 70

742 887 876 915 constat.
920 884 1015 920 Quod
1025 885 1052 915 si
1067 894 1115 920 ea,
1132 894 1201 934 quae
1216 884 1387 925 disputavi,

740 938 814 957 vera.
830 932 915 963 sunt
943 927 1072 967 planum
1087 933 1145 963 est,
1167 928 1198 957 in
1222 928 1283 958 tine
1299 928 1387 959 vocis

740 951 916 1001 addendani
945 980 1015 1001 esse
1039 971 1173 1006 literam,
1205 980 1300 1012 quam
1330 972 1384 1001 ad

740 1012 818 1043 didi.

782 1059 835 1087 67.
858 1057 980 1088 εἴσοδον
1006 1055 1082 1087 Ald.
1106 1056 1244 1087 Versum
1271 1066 1386 1097 praece-

740 1098 869 1129 dentem
904 1110 1049 1141 compara
1082 1110 1154 1130 cum
1192 1099 1274 1131 Hec.
1312 1102 1387 1131 283.

782 1188 835 1216 68.
860 1189 912 1216 69.
935 1186 1040 1226 ὁρμεῖν
1068 1186 1134 1217 sive
1166 1185 1309 1226 ὀχεῖσθαι
1339 1185 1389 1217 ἐπὶ

743 1227 882 1268 ἀγκύρας
904 1229 1015 1259 dicunt
1030 1228 1147 1264 Grzeci,
1175 1235 1210 1259 ut
1230 1228 1263 1259 in
1289 1229 1388 1259 notis-

743 1271 822 1302 sima
838 1271 1063 1302 Demosthenis
1079 1273 1248 1308 sententia,
1267 1273 1323 1303 οὐκ
1340 1273 1389 1305 ἐπὶ

742 1315 801 1351 τῆς
817 1315 912 1351 αὐτῆς
925 1316 1083 1355 ὁρμεῖτοΐς
1095 1317 1239 1350 πολλοῖς,
1252 1315 1305 1345 ubi
1315 1315 1389 1345 sub-

743 1357 937 1388 audiendum
948 1356 1085 1399 ἀγκύρας
1095 1364 1202 1389 monet
1215 1358 1390 1399 Harpocra-

746 1401 824 1432 tion.
880 1401 930 1436 Er,
952 1411 1025 1431 cum
1049 1412 1122 1442 spes
1148 1401 1309 1443 aptissime
1336 1411 1393 1442 per

745 1453 889 1475 ancoram
906 1444 1111 1485 significetur,
1128 1444 1278 1474 facillima
1290 1449 1390 1474 trans-

744 1487 863 1517 latione
885 1488 1006 1523 dicunt,
1031 1488 1078 1518 ἐπ’
1093 1487 1219 1518 ἐλπίδος
1234 1486 1390 1527 ὀχεῖσθαι,

744 1530 828 1561 unde
845 1531 876 1561 in
893 1531 1094 1571 proverbium
1109 1531 1198 1562 abiit.
1228 1531 1390 1571 Aristoph.

744 1573 804 1613 Eq.
823 1577 917 1605 1241.
937 1572 1043 1610 Λεπτή
1058 1585 1106 1605 τις
1126 1572 1216 1604 ἐλπίς
1239 1573 1317 1608 ἐστ’,
1341 1574 1390 1613 ἐφ’

742 1614 779 1653 ἧς
795 1615 965 1656 ὀχούμεθα.
999 1617 1088 1646 Idem
1105 1616 1191 1657 apud
1206 1616 1323 1646 Athen.
1338 1617 1391 1647 xii.

742 1669 775 1700 p.
791 1663 865 1691 551.
883 1660 920 1691 C.
936 1659 975 1691 ὥς
997 1659 1104 1699 σφόδρ’
1125 1659 1175 1691 ἐπὶ
1197 1661 1323 1690 λεπτῶν
1340 1660 1393 1690 ἐλ-

744 1702 841 1733 πίδων
871 1702 996 1742 ὠχεῖσθ’
1031 1702 1099 1742 ἄρα,
1130 1701 1215 1743 quod
1245 1703 1326 1732 male
1357 1703 1390 1732 in

747 1744 866 1785 ὀχεῖσθ’
878 1751 979 1776 mutat
987 1746 1168 1776 Brunckius
1180 1750 1202 1775 t.
1215 1745 1261 1776 iii.
1273 1755 1304 1785 p.
1316 1747 1391 1776 231.

746 1798 925 1829 quanquam
948 1789 1033 1819 idem
1057 1789 1175 1819 fecerat
1196 1788 1240 1818 H.
1257 1789 1390 1828 Stepha-

746 1842 807 1861 nus
821 1832 915 1862 Thes.
929 1837 952 1863 t.
965 1832 999 1862 ii.
1014 1842 1046 1872 p.
1062 1834 1156 1863 1580.
1184 1831 1276 1861 Plato
1291 1831 1390 1871 Legg.

747 1875 794 1904 iii.
808 1885 840 1915 p.
857 1878 931 1906 229.
947 1878 1000 1906 41.
1013 1875 1063 1904 ed.
1077 1874 1150 1904 Ald.
1165 1877 1239 1905 537.
1250 1877 1303 1905 47.
1318 1874 1392 1904 Bas.

749 1919 778 1958 ξ.
801 1921 875 1949 818.
904 1918 947 1947 D.
972 1917 1117 1948 Francos.
1141 1920 1217 1948 699.
1247 1917 1286 1947 B.
1313 1916 1392 1947 HSt.

749 1963 823 1991 594.
853 1961 892 1991 C.
912 1961 1015 2001 Lugd.
1042 1959 1092 1991 ἐπὶ
1119 1959 1152 1990 δὲ
1180 1961 1238 1997 τῆς
1268 1959 1393 1992 ἐλπίδος

749 2002 915 2043 ὀχούμενοι
929 2003 1058 2041 ταύτης.
1090 2003 1250 2034 Plutarch.
1271 2008 1294 2034 t.
1311 2003 1344 2034 ii.
1362 2014 1394 2042 p.

751 2049 845 2078 1103.
876 2047 911 2076 E.
937 2048 1047 2077 καίτοι
1072 2047 1145 2077 νεὼς
1169 2045 1225 2084 μὲν
1251 2047 1392 2077 ἐκπεσὼν

750 2089 945 2127 διαλυθείσης
957 2091 1002 2120 ἐπ’
1015 2088 1141 2120 ἐλπίδος
1156 2088 1279 2128 ὀχεῖται
1293 2089 1390 2125 τινὸς,

749 2132 788 2163 ὡς
803 2134 847 2174 ’γῇ
861 2132 1019 2173 προσέξων
1032 2132 1070 2163 τὸ
1084 2134 1173 2171 σῶμα
1188 2132 1239 2163 καὶ
1255 2132 1392 2172 διανηξό-

748 2187 850 2214 μενος·
863 2186 932 2216 quae
945 2176 1060 2206 frustra
1073 2176 1108 2205 in
1124 2185 1233 2205 versus
1248 2176 1391 2215 redigere

751 2224 883 2248 conatur
913 2218 1163 2249 Valckenaerius
1201 2217 1338 2249 Diatrib.
1360 2229 1393 2259 p.

750 2263 825 2291 240.
857 2261 987 2291 Phrasin
1003 2261 1133 2291 variavit
1149 2260 1269 2290 Noster
1283 2261 1392 2291 dicen-

750 2305 791 2333 do
813 2305 960 2335 ἀσθενοῦς
973 2304 1075 2344 ῥώμης
1099 2314 1153 2343 pro
1174 2302 1300 2335 ἐλπίδος
1315 2310 1393 2334 λεπ·

749 2348 816 2383 τῆς,
833 2348 918 2387 quod
932 2358 996 2377 non
1011 2347 1116 2376 minus
1140 2346 1301 2377 commode
1324 2358 1391 2376 me-

749 2395 833 2420 trum
869 2389 1061 2420 admisisset.
1115 2389 1177 2419 Sed
1208 2395 1292 2419 amat
1322 2400 1394 2429 pro-

750 2433 855 2462 verbia
866 2434 1007 2472 paullum
1022 2437 1143 2462 mutare
1160 2431 1342 2472 Euripides,
1358 2438 1395 2461 ut

748 2475 829 2505 infra
845 2478 918 2506 885.
942 2476 1089 2512 Ἀσθενὴς
1111 2474 1195 2515 ῥώμη
1210 2476 1322 2505 iterum
1341 2486 1392 2504 oc-v

748 2519 844 2548 currit
860 2518 1021 2548 Heracliti.
1038 2521 1112 2548 649.
1125 2517 1199 2547 Hel.
1222 2521 1296 2549 285.
1312 2517 1393 2556 'Ay-

750 2572 826 2603 κυρα
843 2560 879 2598 δή
895 2573 953 2599 μου
967 2560 1023 2592 τὰς
1038 2560 1139 2600 τύχας
1155 2561 1231 2600 ὤχει
1246 2559 1336 2598 μόνη.

1314 78 1443 128 11-
