1566 2789
105 58 186 90 xlv
315 54 729 88 SUPPhEMENTUM
762 53 830 85 AD
864 53 1255 85 PRAEFATIONEM.

107 157 301 199 occurrit
321 158 421 211 Iph.
444 158 501 200 Α.
521 157 650 199 1632.
681 158 759 212 Χρὴ
791 154 828 196 δέ
857 171 916 206 σε,
948 156 1147 207 λαβοῦσαν
1167 154 1266 195 τόνδε
1294 154 1444 210 μόσχον

107 218 273 270 νεαγενῆ.
332 215 600 269 Quanquam
622 215 821 269 spurium
843 227 943 254 esse
964 214 1078 254 hunc
1098 227 1268 255 versum
1291 214 1443 261 credo,

106 285 192 313 non
216 278 364 315 tamen
385 273 436 313 de
457 274 766 326 interpolatore
792 267 891 326 ipso
922 271 1034 312 adeo
1053 271 1167 311 male
1198 283 1373 319 censeo,
1396 274 1444 312 ut

106 334 259 383 putem
297 344 398 371 eum
432 331 494 372 ita
528 331 780 383 scripsisse.
842 329 1101 381 Lege‘ndum
1138 329 1261 382 εὐγενῆ
1297 328 1442 381 quivis

106 387 281 429 viderit.
343 388 486 429 Nemo
520 391 665 428 autem
703 400 729 428 a
760 399 831 427 me
858 386 1120 440 postulabit,
1157 392 1205 426 ut
1235 385 1442 426 emenda-

105 444 252 485 tiones
274 445 467 486 virorum
487 445 733 494 doctorum,
756 456 857 497 quae
890 443 992 484 huic
1013 442 1174 495 regulae
1199 442 1441 483 adversan-

106 505 189 551 tur,
210 502 434 553 refellam3
467 503 578 543 satis
598 503 713 542 enim
746 514 969 554 superque
1001 513 1048 540 se
1080 501 1193 553 ipsae
1227 499 1442 540 refellunt.

106 561 134 581 “
148 559 238 600 Sed
255 559 425 600 Comici
442 560 550 600 hanc
567 559 760 612 regulam
778 558 1027 611 saepissime
1043 555 1249 598 violant.”
1291 556 1441 606 Certe..

105 615 262 671 Atque
283 617 379 658 haec
399 617 499 670 ipsa
519 630 589 658 res
611 629 707 657 eam
735 629 762 656 a
782 615 986 668 Tragicis
1017 615 1179 654 servari
1209 614 1443 667 probabile

106 674 265 715 reddit.
327 674 414 715 Sed
452 673 506 714 de
535 674 821 726 Tragicorum
849 676 892 713 et
919 671 1201 712 Comicorum
1233 684 1440 712 versuum

107 730 358 772 discrimine
381 732 506 785 plura
534 744 630 772 sum
661 730 774 771 infra
800 729 1011 770 dicturus.
1072 729 1207 778 Quod
1228 729 1267 769 si
1289 727 1440 782 dacty-

104 787 211 838 lum,
235 789 311 841 qui
342 789 385 829 in
415 789 556 842 prima
583 792 626 829 et
656 789 782 828 tertia
814 787 921 827 sede
952 798 1036 827 non
1068 786 1322 839 infrequens
1351 791 1437 835 est,

105 846 261 898 quinta
283 859 456 898 semper
478 846 712 886 exclusere
732 844 926 897 Tragici,
947 844 986 884 si
1002 843 1137 883 etiam
1156 847 1438 896 anapaestum

103 902 151 942 in
171 903 301 943 tertia
321 903 425 943 sede
446 904 656 951 vitarunt,
687 913 968 955 consequens
998 914 1095 941 esse
1129 902 1353 953 putabam,
1386 904 1437 940 ut

105 965 368 1012 anapaestus
390 974 413 1000 e
435 962 590 1013 quinta
612 972 784 1012 semper
815 958 995 998 exulare
1023 957 1212 997 deberet.
1271 956 1438 998 Potue—

103 1028 198 1056 ram
218 1017 371 1057 eadem
395 1030 531 1070 opera
550 1017 652 1057 loca
673 1016 822 1056 omnia
843 1015 1048 1065 colligere
1081 1018 1125 1053 et
1148 1013 1405 1055 examinare
1424 1027 1436 1066 3

105 1072 183 1112 sed
226 1074 434 1113 brevitati
489 1072 703 1125 imprimis
751 1071 1006 1111 studebam:
1058 1071 1251 1122 regulam
1301 1071 1436 1124 igitur

101 1141 247 1169 meam
269 1130 323 1169 de
344 1130 472 1170 tertio
495 1129 655 1169 senarii
686 1127 801 1181 pede
830 1127 1055 1167 stabilisse
1088 1132 1332 1177 contentus,
1365 1141 1436 1169 ce—

102 1189 198 1226 tera
219 1185 397 1227 lectoris
417 1185 645 1227 industriae
667 1189 710 1225 et
728 1183 906 1225 candori
928 1184 1232 1236 permiseram.

159 1242 306 1283 Unam
347 1242 657 1283 tantummodo
696 1241 1004 1294 exceptionem
1036 1244 1191 1281 notare
1231 1241 1436 1293 neglexe-

100 1311 209 1349 ram,
230 1313 362 1353 quam
382 1313 497 1340 nunc
529 1299 688 1353 paucis
709 1299 935 1350 attingam,
967 1298 1022 1337 de
1046 1299 1236 1351 propriis
1259 1298 1434 1340 scilicet

99 1357 364 1397 nominibus.
425 1357 539 1398 Sunt
568 1357 681 1396 enim
710 1355 890 1395 nomina
920 1354 1141 1407 quaedam,
1173 1355 1325 1409 qualia
1350 1355 1433 1394 Ἀε-

101 1411 206 1467 ςόπη,
226 1411 432 1468 Ἀντιγόνη,
455 1411 670 1467 Ἰφιγένεια,
699 1410 910 1463 Λαομέδων,
931 1424 1032 1464 quae
1064 1424 1122 1451 ex
1152 1412 1356 1453 iambicis
1389 1416 1433 1453 et

100 1471 336 1511 trochaicis
367 1471 572 1511 versibus
604 1470 785 1510 omnino
817 1468 1094 1509 excludenda
1121 1474 1285 1518 essent,
1310 1469 1431 1521 [xxi]

99 1526 222 1567 nisi*
243 1529 462 1580 anapaesti
484 1526 722 1580 aliquando
744 1525 1088 1566 admitterentur.
1148 1526 1284 1566 Hanc
1300 1526 1431 1580 igitur

98 1584 274 1624 veniam
296 1584 498 1636 Tragicis
527 1585 711 1625 libenter
741 1595 839 1623 cum
862 1582 1095 1629 auditores,
1129 1586 1220 1622 tum
1239 1583 1431 1624 lectores

99 1641 425 1691 concedebant,
456 1646 507 1681 ut
527 1642 570 1682 in
590 1640 752 1694 quavis
784 1639 948 1680 senarii
983 1638 1104 1688 sede,
1132 1643 1294 1692 praeter
1324 1640 1430 1680 ulti-

97 1710 233 1747 mam,
260 1701 550 1751 anapaestum,
570 1703 619 1738 ut
639 1697 682 1737 in
704 1696 864 1750 quavis
884 1695 1095 1736 trochaici
1126 1696 1249 1745 sede,
1268 1702 1431 1751 praeter

97 1754 289 1795 mediam
312 1760 356 1796 et
376 1755 590 1803 ultimam,
613 1754 842 1806 dactylum
862 1757 1143 1805 usurparent.
1200 1752 1271 1793 Ac
1302 1754 1428 1795 nullo

99 1823 207 1852 sane
230 1811 480 1852 discrimine
501 1816 544 1853 et
565 1812 609 1851 in
625 1811 819 1863 impares
836 1814 881 1850 et
895 1809 941 1848 in
956 1814 1106 1862 partes
1124 1811 1283 1850 senarii
1299 1810 1428 1852 locos

96 1869 281 1921 propria
316 1869 495 1909 nomina
534 1867 737 1916 inferunt,
777 1871 827 1907 ut
866 1865 966 1907 inde
1006 1867 1223 1919 consequi
1261 1873 1427 1920 putem,

96 1925 342 1978 anapaestis
372 1926 417 1966 in
447 1925 576 1967 tertia
606 1929 651 1964 et
670 1924 822 1978 quinta
847 1923 968 1972 sede,
1000 1928 1298 1976 praeterquam
1328 1937 1428 1966 cum

94 1981 177 2022 hac
211 1982 310 2022 sola
337 1982 616 2035 exceptione,
649 1985 930 2033 temperasse.
991 1980 1040 2020 Si
1070 1981 1185 2020 enim
1210 1980 1307 2034 jure
1342 1994 1426 2023 suo

94 2043 352 2092 anapaestos
377 2039 440 2079 ibi
461 2038 668 2079 adhibere
699 2040 914 2091 poterant,
938 2036 1156 2077 debebant
1184 2037 1246 2078 ita
1277 2037 1426 2079 distri-

92 2094 240 2145 buere,
261 2100 311 2137 ut
336 2108 466 2149 pares
495 2096 619 2136 locos
648 2093 903 2146 effugerent.
964 2092 1123 2134 Cetera
1149 2094 1346 2145 nomina,
1382 2096 1426 2136 in

91 2152 255 2205 quibus
282 2153 475 2193 occurrit
504 2154 760 2204 anapaestus
783 2151 853 2191 vel
878 2149 1099 2204 dactylus,
1136 2164 1234 2191 cum
1254 2164 1341 2192 non
1360 2152 1427 2192 in·

91 2209 318 2250 eluctabili
339 2209 603 2250 necessitate
625 2208 680 2248 iis
698 2207 892 2261 pedibus
913 2207 982 2248 uti
1006 2212 1273 2260 cogerentur,
1294 2208 1424 2249 debe-

90 2265 200 2307 bant
229 2266 408 2320 quidem
432 2267 493 2307 ita
523 2265 727 2306 versibus
762 2265 977 2314 intexere,
1008 2267 1057 2305 ut
1092 2269 1341 2317 anapaestus
1377 2266 1423 2306 in

89 2322 288 2366 diversos
309 2323 449 2377 pedes
470 2322 779 2364 dissecaretur.

131 2438 147 2455 ⁶
163 2438 243 2472 Cum
256 2444 382 2480 propter
393 2439 590 2474 brevitatem,
605 2437 644 2468 de
657 2437 815 2469 trochaico
839 2436 981 2478 loquens,
1005 2441 1195 2477 anapaestum
1218 2437 1300 2471 dico.
1324 2436 1422 2468 lector

85 2492 208 2568 ἰὲῧπίἓξῖ
222 2484 263 2514 de
278 2483 398 2514 duabus
413 2482 534 2525 dactyli
548 2481 672 2525 syllabis
686 2492 758 2514 cum
778 2480 937 2523 sequentis
960 2479 1049 2522 pedis
1073 2480 1166 2521 longa
1179 2479 1354 2521 conjunctis
1372 2480 1421 2511 in-
