<?xml version="1.0" encoding="UTF-8"?>
<!DOCTYPE html PUBLIC "-//W3C//DTD XHTML 1.0 Transitional//EN"
    "http://www.w3.org/TR/xhtml1/DTD/xhtml1-transitional.dtd">
<html xmlns="http://www.w3.org/1999/xhtml" xml:lang="en" lang="en">
 <head>
  <title>
</title>
<meta http-equiv="Content-Type" content="text/html;charset=utf-8" />
  <meta name='ocr-system' content='tesseract 3.04.00' />
  <meta name='ocr-capabilities' content='ocr_page ocr_carea ocr_par ocr_line ocrx_word'/>
</head>
<body>
  <div class='ocr_page' id='page_1' title='image "./hecubaorestesph00euriuoft/hecubaorestesph00euriuoft_0451.png"; bbox 0 0 1565 2834; ppageno 0'>
   <div class='ocr_carea' id='block_1_1' title="bbox 552 398 925 447">
    <p class='ocr_par' dir='ltr' id='par_1_1' title="bbox 552 398 925 447">
     <span class='ocr_line' id='line_1_1' title="bbox 552 398 925 447; baseline 0.029 -11"><span class='ocrx_word' id='word_1_1' title='bbox 552 398 925 447; x_wconf 81' lang='grc' dir='ltr'><strong>ΥΠΟΘΕΣΙΣ.</strong></span> 
     </span>
    </p>
   </div>
   <div class='ocr_carea' id='block_1_2' title="bbox 63 495 1413 1621">
    <p class='ocr_par' dir='ltr' id='par_1_2' title="bbox 63 495 1413 1488">
     <span class='ocr_line' id='line_1_2' title="bbox 63 495 1413 562; baseline 0.022 -37"><span class='ocrx_word' id='word_1_2' title='bbox 63 495 252 538; x_wconf 52' lang='lat' dir='ltr'>&#39;‘Enomfis,</span> <span class='ocrx_word' id='word_1_3' title='bbox 266 499 459 539; x_wconf 81' lang='grc' dir='ltr'>παραλαβὼν</span> <span class='ocrx_word' id='word_1_4' title='bbox 471 501 531 540; x_wconf 76' lang='grc' dir='ltr'>τὴν</span> <span class='ocrx_word' id='word_1_5' title='bbox 544 505 608 536; x_wconf 78' lang='grc' dir='ltr'>τῶν</span> <span class='ocrx_word' id='word_1_6' title='bbox 622 509 743 543; x_wconf 73' lang='grc' dir='ltr'>Θηβῶν</span> <span class='ocrx_word' id='word_1_7' title='bbox 757 512 937 549; x_wconf 84' lang='grc' dir='ltr'>βασιλείαν,</span> <span class='ocrx_word' id='word_1_8' title='bbox 961 513 1131 557; x_wconf 81' lang='grc' dir='ltr'>ἀποστερεῖ</span> <span class='ocrx_word' id='word_1_9' title='bbox 1148 518 1207 550; x_wconf 81' lang='grc' dir='ltr'>τοῦ</span> <span class='ocrx_word' id='word_1_10' title='bbox 1224 520 1334 562; x_wconf 84' lang='grc' dir='ltr'>μέρους</span> <span class='ocrx_word' id='word_1_11' title='bbox 1356 523 1413 555; x_wconf 78' lang='grc' dir='ltr'>τὸν</span> 
     </span>
     <span class='ocr_line' id='line_1_3' title="bbox 109 550 1413 617; baseline 0.023 -37"><span class='ocrx_word' id='word_1_12' title='bbox 109 550 250 592; x_wconf 81' lang='grc' dir='ltr'>ἀδελφὸν</span> <span class='ocrx_word' id='word_1_13' title='bbox 260 553 356 584; x_wconf 81' lang='grc' dir='ltr'>αὑτοῦ</span> <span class='ocrx_word' id='word_1_14' title='bbox 368 557 574 595; x_wconf 86' lang='grc' dir='ltr'>Πολυνείκην·</span> <span class='ocrx_word' id='word_1_15' title='bbox 589 560 698 600; x_wconf 63' lang='grc' dir='ltr'>φυγὰς</span> <span class='ocrx_word' id='word_1_16' title='bbox 712 565 738 594; x_wconf 89' lang='grc' dir='ltr'>δ’</span> <span class='ocrx_word' id='word_1_17' title='bbox 753 565 870 598; x_wconf 85' lang='grc' dir='ltr'>ἐκεῖνος</span> <span class='ocrx_word' id='word_1_18' title='bbox 882 567 925 599; x_wconf 84' lang='grc' dir='ltr'>εἰς</span> <span class='ocrx_word' id='word_1_19' title='bbox 934 568 1050 610; x_wconf 67' lang='grc' dir='ltr'>Ἄργος</span> <span class='ocrx_word' id='word_1_20' title='bbox 1062 574 1322 614; x_wconf 80' lang='grc' dir='ltr'>παραγενόμενος,</span> <span class='ocrx_word' id='word_1_21' title='bbox 1339 578 1413 617; x_wconf 34' lang='grc' dir='ltr'>ἔγην&lt;</span> 
     </span>
     <span class='ocr_line' id='line_1_4' title="bbox 107 605 1409 672; baseline 0.025 -39"><span class='ocrx_word' id='word_1_22' title='bbox 107 616 148 643; x_wconf 82' lang='grc' dir='ltr'>με</span> <span class='ocrx_word' id='word_1_23' title='bbox 162 605 222 644; x_wconf 80' lang='grc' dir='ltr'>τὴν</span> <span class='ocrx_word' id='word_1_24' title='bbox 238 607 395 649; x_wconf 73' lang='grc' dir='ltr'>θυγατέρα</span> <span class='ocrx_word' id='word_1_25' title='bbox 409 611 466 640; x_wconf 84' lang='grc' dir='ltr'>τοῦ</span> <span class='ocrx_word' id='word_1_26' title='bbox 480 612 639 647; x_wconf 82' lang='grc' dir='ltr'>βασιλέως</span> <span class='ocrx_word' id='word_1_27' title='bbox 653 616 842 658; x_wconf 77' lang='grc' dir='ltr'>Ἀδράστου·</span> <span class='ocrx_word' id='word_1_28' title='bbox 858 625 1023 655; x_wconf 76' lang='grc' dir='ltr'>κατελθεῖν</span> <span class='ocrx_word' id='word_1_29' title='bbox 1034 623 1067 656; x_wconf 81' lang='grc' dir='ltr'>δὲ</span> <span class='ocrx_word' id='word_1_30' title='bbox 1084 627 1126 658; x_wconf 80' lang='grc' dir='ltr'>εἰς</span> <span class='ocrx_word' id='word_1_31' title='bbox 1140 627 1200 665; x_wconf 80' lang='grc' dir='ltr'>τὴν</span> <span class='ocrx_word' id='word_1_32' title='bbox 1211 631 1344 670; x_wconf 76' lang='grc' dir='ltr'>πατρίδα</span> <span class='ocrx_word' id='word_1_33' title='bbox 1359 640 1409 672; x_wconf 79' lang='grc' dir='ltr'>φι-</span> 
     </span>
     <span class='ocr_line' id='line_1_5' title="bbox 108 661 1411 725; baseline 0.023 -37"><span class='ocrx_word' id='word_1_34' title='bbox 108 661 342 700; x_wconf 86' lang='grc' dir='ltr'>λοτιμούμενος,</span> <span class='ocrx_word' id='word_1_35' title='bbox 359 662 410 694; x_wconf 86' lang='grc' dir='ltr'>καὶ</span> <span class='ocrx_word' id='word_1_36' title='bbox 424 664 536 697; x_wconf 85' lang='grc' dir='ltr'>πείσας</span> <span class='ocrx_word' id='word_1_37' title='bbox 551 665 609 699; x_wconf 76' lang='grc' dir='ltr'>τὸν</span> <span class='ocrx_word' id='word_1_38' title='bbox 622 671 781 712; x_wconf 81' lang='grc' dir='ltr'>πενθερὸν,</span> <span class='ocrx_word' id='word_1_39' title='bbox 803 674 1006 716; x_wconf 83' lang='grc' dir='ltr'>συνήθροισεν</span> <span class='ocrx_word' id='word_1_40' title='bbox 1021 678 1192 721; x_wconf 82' lang='grc' dir='ltr'>ἀξιόχρεων</span> <span class='ocrx_word' id='word_1_41' title='bbox 1208 685 1344 725; x_wconf 81' lang='grc' dir='ltr'>στρατὸν</span> <span class='ocrx_word' id='word_1_42' title='bbox 1359 688 1411 719; x_wconf 79' lang='grc' dir='ltr'>ἐπὶ.</span> 
     </span>
     <span class='ocr_line' id='line_1_6' title="bbox 107 712 1408 773; baseline 0.024 -31"><span class='ocrx_word' id='word_1_43' title='bbox 107 712 215 750; x_wconf 85' lang='grc' dir='ltr'>Θήβας</span> <span class='ocrx_word' id='word_1_44' title='bbox 230 715 312 746; x_wconf 84' lang='grc' dir='ltr'>κατὰ</span> <span class='ocrx_word' id='word_1_45' title='bbox 326 717 382 747; x_wconf 83' lang='grc' dir='ltr'>τοῦ</span> <span class='ocrx_word' id='word_1_46' title='bbox 398 718 548 760; x_wconf 80' lang='grc' dir='ltr'>ἀδελφοῦ.</span> <span class='ocrx_word' id='word_1_47' title='bbox 563 720 584 759; x_wconf 84' lang='grc' dir='ltr'>ἡ</span> <span class='ocrx_word' id='word_1_48' title='bbox 608 722 643 755; x_wconf 84' lang='grc' dir='ltr'>δὲ</span> <span class='ocrx_word' id='word_1_49' title='bbox 664 724 768 767; x_wconf 87' lang='grc' dir='ltr'>μήτηρ</span> <span class='ocrx_word' id='word_1_50' title='bbox 783 728 878 759; x_wconf 79' lang='grc' dir='ltr'>αὐτοῦ</span> <span class='ocrx_word' id='word_1_51' title='bbox 892 730 1043 770; x_wconf 81' lang='grc' dir='ltr'>Ἰοκάστη</span> <span class='ocrx_word' id='word_1_52' title='bbox 1060 735 1208 773; x_wconf 81' lang='grc' dir='ltr'>ἐποίησεν</span> <span class='ocrx_word' id='word_1_53' title='bbox 1223 738 1319 771; x_wconf 79' lang='grc' dir='ltr'>αὐτὸν</span> <span class='ocrx_word' id='word_1_54' title='bbox 1334 741 1408 772; x_wconf 85' lang='grc' dir='ltr'>ὑπό-</span> 
     </span>
     <span class='ocr_line' id='line_1_7' title="bbox 107 770 1409 834; baseline 0.023 -37"><span class='ocrx_word' id='word_1_55' title='bbox 107 770 243 800; x_wconf 81' lang='grc' dir='ltr'>σπονδον</span> <span class='ocrx_word' id='word_1_56' title='bbox 255 771 357 801; x_wconf 82' lang='grc' dir='ltr'>ἐλθεῖν</span> <span class='ocrx_word' id='word_1_57' title='bbox 370 771 412 803; x_wconf 83' lang='grc' dir='ltr'>εἰς</span> <span class='ocrx_word' id='word_1_58' title='bbox 423 772 484 810; x_wconf 78' lang='grc' dir='ltr'>τὴν</span> <span class='ocrx_word' id='word_1_59' title='bbox 497 773 603 813; x_wconf 75' lang='grc' dir='ltr'>πόλιν,</span> <span class='ocrx_word' id='word_1_60' title='bbox 620 778 672 809; x_wconf 80' lang='grc' dir='ltr'>καὶ</span> <span class='ocrx_word' id='word_1_61' title='bbox 688 781 892 821; x_wconf 80' lang='grc' dir='ltr'>διαλεχθῆναι</span> <span class='ocrx_word' id='word_1_62' title='bbox 907 784 1055 828; x_wconf 85' lang='grc' dir='ltr'>πρότερον</span> <span class='ocrx_word' id='word_1_63' title='bbox 1068 790 1113 829; x_wconf 79' lang='grc' dir='ltr'>τῷ</span> <span class='ocrx_word' id='word_1_64' title='bbox 1128 789 1255 833; x_wconf 81' lang='grc' dir='ltr'>ἀδελφῷ</span> <span class='ocrx_word' id='word_1_65' title='bbox 1268 794 1336 834; x_wconf 83' lang='grc' dir='ltr'>περὶ</span> <span class='ocrx_word' id='word_1_66' title='bbox 1351 796 1409 833; x_wconf 82' lang='grc' dir='ltr'>τῆς</span> 
     </span>
     <span class='ocr_line' id='line_1_8' title="bbox 115 821 1409 888; baseline 0.024 -37"><span class='ocrx_word' id='word_1_67' title='bbox 115 821 228 862; x_wconf 78' lang='grc' dir='ltr'>ἀρχῆς·</span> <span class='ocrx_word' id='word_1_68' title='bbox 245 825 596 865; x_wconf 66' lang='grc' dir='ltr'>δεινοπροσωπήσαντος</span> <span class='ocrx_word' id='word_1_69' title='bbox 610 831 617 848; x_wconf 92' lang='lat'>¹</span> <span class='ocrx_word' id='word_1_70' title='bbox 634 832 669 863; x_wconf 84' lang='grc' dir='ltr'>δὲ</span> <span class='ocrx_word' id='word_1_71' title='bbox 685 834 743 865; x_wconf 80' lang='grc' dir='ltr'>ὑπὸ</span> <span class='ocrx_word' id='word_1_72' title='bbox 757 837 814 873; x_wconf 85' lang='grc' dir='ltr'>τῆς</span> <span class='ocrx_word' id='word_1_73' title='bbox 828 840 1009 878; x_wconf 71' lang='grc' dir='ltr'>τυραννίδος</span> <span class='ocrx_word' id='word_1_74' title='bbox 1023 843 1081 873; x_wconf 78' lang='grc' dir='ltr'>τοῦ</span> <span class='ocrx_word' id='word_1_75' title='bbox 1095 844 1304 885; x_wconf 84' lang='grc' dir='ltr'>Ἐτεοκλέους,</span> <span class='ocrx_word' id='word_1_76' title='bbox 1317 848 1337 886; x_wconf 79' lang='grc' dir='ltr'>ἡ</span> <span class='ocrx_word' id='word_1_77' title='bbox 1351 848 1409 888; x_wconf 82' lang='grc' dir='ltr'>μὲν</span> 
     </span>
     <span class='ocr_line' id='line_1_9' title="bbox 101 875 1407 940; baseline 0.023 -34"><span class='ocrx_word' id='word_1_78' title='bbox 101 875 254 915; x_wconf 68' lang='grc' dir='ltr'>’Ἰοκάστη</span> <span class='ocrx_word' id='word_1_79' title='bbox 274 882 468 920; x_wconf 77' lang='grc' dir='ltr'>συναγαγεῖν</span> <span class='ocrx_word' id='word_1_80' title='bbox 490 883 532 915; x_wconf 80' lang='grc' dir='ltr'>τὰ</span> <span class='ocrx_word' id='word_1_81' title='bbox 556 883 651 918; x_wconf 79' lang='grc' dir='ltr'>τέκνα</span> <span class='ocrx_word' id='word_1_82' title='bbox 675 886 716 920; x_wconf 80' lang='grc' dir='ltr'>εἷς</span> <span class='ocrx_word' id='word_1_83' title='bbox 738 891 849 929; x_wconf 88' lang='grc' dir='ltr'>φιλίαν</span> <span class='ocrx_word' id='word_1_84' title='bbox 865 893 922 925; x_wconf 84' lang='grc' dir='ltr'>οὐκ</span> <span class='ocrx_word' id='word_1_85' title='bbox 938 893 1078 928; x_wconf 85' lang='grc' dir='ltr'>ἐδύνατο·</span> <span class='ocrx_word' id='word_1_86' title='bbox 1100 899 1295 940; x_wconf 79' lang='grc' dir='ltr'>Πολυνείκης</span> <span class='ocrx_word' id='word_1_87' title='bbox 1317 902 1351 934; x_wconf 78' lang='grc' dir='ltr'>δὲ</span> <span class='ocrx_word' id='word_1_88' title='bbox 1367 903 1407 935; x_wconf 81' lang='grc' dir='ltr'>ὣς</span> 
     </span>
     <span class='ocr_line' id='line_1_10' title="bbox 106 929 1406 998; baseline 0.024 -39"><span class='ocrx_word' id='word_1_89' title='bbox 106 929 182 969; x_wconf 84' lang='grc' dir='ltr'>πρὸς</span> <span class='ocrx_word' id='word_1_90' title='bbox 195 932 347 971; x_wconf 89' lang='grc' dir='ltr'>πολέμιον</span> <span class='ocrx_word' id='word_1_91' title='bbox 360 935 648 976; x_wconf 67' lang='grc' dir='ltr'>παραταξάμενος,7·</span> <span class='ocrx_word' id='word_1_92' title='bbox 664 941 845 984; x_wconf 84' lang='grc' dir='ltr'>ἀνεχώρησε</span> <span class='ocrx_word' id='word_1_93' title='bbox 860 948 917 984; x_wconf 84' lang='grc' dir='ltr'>τῆς</span> <span class='ocrx_word' id='word_1_94' title='bbox 933 948 1067 982; x_wconf 82' lang='grc' dir='ltr'>πόλεως.</span> <span class='ocrx_word' id='word_1_95' title='bbox 1088 951 1208 994; x_wconf 84' lang='grc' dir='ltr'>ἔχρησε</span> <span class='ocrx_word' id='word_1_96' title='bbox 1223 954 1257 987; x_wconf 87' lang='grc' dir='ltr'>δὲ</span> <span class='ocrx_word' id='word_1_97' title='bbox 1273 957 1289 987; x_wconf 87' lang='grc' dir='ltr'><strong><em>ὁ</em></strong></span> <span class='ocrx_word' id='word_1_98' title='bbox 1304 961 1406 998; x_wconf 69' lang='lat' dir='ltr'>&#39;reaps-</span> 
     </span>
     <span class='ocr_line' id='line_1_11' title="bbox 108 984 1404 1051; baseline 0.022 -38"><span class='ocrx_word' id='word_1_99' title='bbox 108 984 178 1016; x_wconf 84' lang='grc' dir='ltr'>σίας</span> <span class='ocrx_word' id='word_1_100' title='bbox 193 985 283 1024; x_wconf 90' lang='grc' dir='ltr'>νίκην</span> <span class='ocrx_word' id='word_1_101' title='bbox 299 986 425 1020; x_wconf 78' lang='grc' dir='ltr'>ἔσεσθαι</span> <span class='ocrx_word' id='word_1_102' title='bbox 439 991 682 1032; x_wconf 74' lang='grc' dir='ltr'>τοῖςΘηβαίοις,</span> <span class='ocrx_word' id='word_1_103' title='bbox 701 997 754 1028; x_wconf 83' lang='grc' dir='ltr'>ἐὰν</span> <span class='ocrx_word' id='word_1_104' title='bbox 770 999 787 1028; x_wconf 87' lang='grc' dir='ltr'>ὁ</span> <span class='ocrx_word' id='word_1_105' title='bbox 806 1001 877 1032; x_wconf 90' lang='grc' dir='ltr'>παῖς</span> <span class='ocrx_word' id='word_1_106' title='bbox 903 1002 1059 1044; x_wconf 85' lang='grc' dir='ltr'>Κρέοντος</span> <span class='ocrx_word' id='word_1_107' title='bbox 1079 1009 1248 1041; x_wconf 84' lang='grc' dir='ltr'>Μενοικεὺς</span> <span class='ocrx_word' id='word_1_108' title='bbox 1264 1010 1404 1051; x_wconf 82' lang='grc' dir='ltr'>σφάγιον</span> 
     </span>
     <span class='ocr_line' id='line_1_12' title="bbox 98 1037 1402 1103; baseline 0.025 -36"><span class='ocrx_word' id='word_1_109' title='bbox 98 1037 184 1079; x_wconf 80' lang='grc' dir='ltr'>Ἄρει</span> <span class='ocrx_word' id='word_1_110' title='bbox 199 1038 340 1078; x_wconf 87' lang='grc' dir='ltr'>γένηται.</span> <span class='ocrx_word' id='word_1_111' title='bbox 363 1043 380 1072; x_wconf 83' lang='grc' dir='ltr'><strong><em>ὅ</em></strong></span> <span class='ocrx_word' id='word_1_112' title='bbox 396 1043 454 1082; x_wconf 82' lang='grc' dir='ltr'>μὲν</span> <span class='ocrx_word' id='word_1_113' title='bbox 473 1043 528 1077; x_wconf 67' lang='grc' dir='ltr'>οὖν</span> <span class='ocrx_word' id='word_1_114' title='bbox 549 1046 657 1088; x_wconf 84' lang='grc' dir='ltr'>Κρέων</span> <span class='ocrx_word' id='word_1_115' title='bbox 677 1050 836 1091; x_wconf 79' lang='grc' dir='ltr'>ἠρνήσατο</span> <span class='ocrx_word' id='word_1_116' title='bbox 853 1056 1009 1090; x_wconf 85' lang='grc' dir='ltr'>ἐπιδοῦναι</span> <span class='ocrx_word' id='word_1_117' title='bbox 1024 1061 1066 1103; x_wconf 83' lang='grc' dir='ltr'>τῇ</span> <span class='ocrx_word' id='word_1_118' title='bbox 1080 1061 1174 1095; x_wconf 86' lang='grc' dir='ltr'>πόλει</span> <span class='ocrx_word' id='word_1_119' title='bbox 1188 1062 1246 1095; x_wconf 84' lang='grc' dir='ltr'>τὸν</span> <span class='ocrx_word' id='word_1_120' title='bbox 1260 1067 1367 1098; x_wconf 69' lang='grc' dir='ltr'>παῖδα“</span> <span class='ocrx_word' id='word_1_121' title='bbox 1386 1068 1402 1098; x_wconf 81' lang='grc' dir='ltr'><em>ἆ</em></span> 
     </span>
     <span class='ocr_line' id='line_1_13' title="bbox 106 1091 1404 1159; baseline 0.024 -37"><span class='ocrx_word' id='word_1_122' title='bbox 106 1091 140 1123; x_wconf 82' lang='grc' dir='ltr'>δὲ</span> <span class='ocrx_word' id='word_1_123' title='bbox 163 1094 326 1127; x_wconf 79' lang='grc' dir='ltr'>νεανίσκος</span> <span class='ocrx_word' id='word_1_124' title='bbox 337 1096 502 1138; x_wconf 81' lang='grc' dir='ltr'>ἐβούλετο,</span> <span class='ocrx_word' id='word_1_125' title='bbox 524 1099 591 1141; x_wconf 79' lang='grc' dir='ltr'>καὶ,</span> <span class='ocrx_word' id='word_1_126' title='bbox 607 1104 664 1134; x_wconf 87' lang='grc' dir='ltr'>τοῦ</span> <span class='ocrx_word' id='word_1_127' title='bbox 678 1106 796 1147; x_wconf 80' lang='grc' dir='ltr'>πατρὸς</span> <span class='ocrx_word' id='word_1_128' title='bbox 810 1109 893 1150; x_wconf 75' lang='grc' dir='ltr'>αὐτῷ</span> <span class='ocrx_word' id='word_1_129' title='bbox 908 1113 1014 1152; x_wconf 75' lang='grc' dir='ltr'>φυγὴν</span> <span class='ocrx_word' id='word_1_130' title='bbox 1027 1116 1109 1154; x_wconf 78' lang='grc' dir='ltr'>μετὰ</span> <span class='ocrx_word' id='word_1_131' title='bbox 1122 1117 1292 1159; x_wconf 85' lang='grc' dir='ltr'>χρημάτων</span> <span class='ocrx_word' id='word_1_132' title='bbox 1307 1120 1404 1152; x_wconf 66' lang='grc' dir='ltr'>διδόν-</span> 
     </span>
     <span class='ocr_line' id='line_1_14' title="bbox 105 1147 1402 1210; baseline 0.025 -34"><span class='ocrx_word' id='word_1_133' title='bbox 105 1157 171 1187; x_wconf 87' lang='grc' dir='ltr'>τος,</span> <span class='ocrx_word' id='word_1_134' title='bbox 189 1147 302 1180; x_wconf 81' lang='grc' dir='ltr'>ἑαυτὸν</span> <span class='ocrx_word' id='word_1_135' title='bbox 316 1150 487 1192; x_wconf 81' lang='grc' dir='ltr'>ἀπέσφαξε.</span> <span class='ocrx_word' id='word_1_136' title='bbox 511 1157 644 1193; x_wconf 83' lang='grc' dir='ltr'>Θηβαῖοι</span> <span class='ocrx_word' id='word_1_137' title='bbox 660 1158 693 1190; x_wconf 82' lang='grc' dir='ltr'>δὲ</span> <span class='ocrx_word' id='word_1_138' title='bbox 716 1160 790 1193; x_wconf 83' lang='grc' dir='ltr'>τοὺς</span> <span class='ocrx_word' id='word_1_139' title='bbox 812 1162 970 1204; x_wconf 79' lang='grc' dir='ltr'>ἡγεμόνας</span> <span class='ocrx_word' id='word_1_140' title='bbox 989 1170 1054 1200; x_wconf 80' lang='grc' dir='ltr'>τῶν</span> <span class='ocrx_word' id='word_1_141' title='bbox 1078 1170 1227 1210; x_wconf 74' lang='grc' dir='ltr'>Ἀργείων</span> <span class='ocrx_word' id='word_1_142' title='bbox 1248 1173 1402 1206; x_wconf 82' lang='grc' dir='ltr'>ἔκτειναν.</span> 
     </span>
     <span class='ocr_line' id='line_1_15' title="bbox 103 1199 1404 1268; baseline 0.025 -38"><span class='ocrx_word' id='word_1_143' title='bbox 103 1199 273 1240; x_wconf 84' lang='grc' dir='ltr'>Ἐτεοκλῆς</span> <span class='ocrx_word' id='word_1_144' title='bbox 286 1202 319 1235; x_wconf 76' lang='grc' dir='ltr'>δὲ</span> <span class='ocrx_word' id='word_1_145' title='bbox 334 1204 384 1236; x_wconf 79' lang='grc' dir='ltr'>καὶ</span> <span class='ocrx_word' id='word_1_146' title='bbox 401 1207 594 1248; x_wconf 75' lang='grc' dir='ltr'>Πολυνείκης</span> <span class='ocrx_word' id='word_1_147' title='bbox 607 1214 889 1254; x_wconf 82' lang='grc' dir='ltr'>μονομαχήσαντες</span> <span class='ocrx_word' id='word_1_148' title='bbox 905 1219 1032 1253; x_wconf 76' lang='grc' dir='ltr'>ἀνεῖλον</span> <span class='ocrx_word' id='word_1_149' title='bbox 1047 1223 1220 1262; x_wconf 76' lang='grc' dir='ltr'>ἀλλήλους.</span> <span class='ocrx_word' id='word_1_150' title='bbox 1242 1227 1262 1266; x_wconf 84' lang='grc' dir='ltr'>ἡ</span> <span class='ocrx_word' id='word_1_151' title='bbox 1276 1228 1335 1268; x_wconf 77' lang='grc' dir='ltr'>μὲν</span> <span class='ocrx_word' id='word_1_152' title='bbox 1349 1230 1404 1262; x_wconf 70' lang='grc' dir='ltr'>οὖν</span> 
     </span>
     <span class='ocr_line' id='line_1_16' title="bbox 102 1252 1401 1321; baseline 0.027 -38"><span class='ocrx_word' id='word_1_153' title='bbox 102 1252 205 1296; x_wconf 85' lang='grc' dir='ltr'>μήτηρ</span> <span class='ocrx_word' id='word_1_154' title='bbox 219 1256 321 1289; x_wconf 77' lang='grc' dir='ltr'>αὐτῶν</span> <span class='ocrx_word' id='word_1_155' title='bbox 336 1259 466 1300; x_wconf 77' lang='grc' dir='ltr'>εὑροῦσα</span> <span class='ocrx_word' id='word_1_156' title='bbox 478 1263 604 1304; x_wconf 75' lang='grc' dir='ltr'>νεκροὺς</span> <span class='ocrx_word' id='word_1_157' title='bbox 615 1265 690 1298; x_wconf 79' lang='grc' dir='ltr'>τοὺς</span> <span class='ocrx_word' id='word_1_158' title='bbox 706 1269 800 1311; x_wconf 79' lang='grc' dir='ltr'>υἱοὺς,</span> <span class='ocrx_word' id='word_1_159' title='bbox 817 1272 942 1305; x_wconf 79' lang='grc' dir='ltr'>ἀνεῖλεν</span> <span class='ocrx_word' id='word_1_160' title='bbox 963 1276 1087 1315; x_wconf 79' lang='grc' dir='ltr'>ἑαυτήν·</span> <span class='ocrx_word' id='word_1_161' title='bbox 1102 1280 1119 1309; x_wconf 78' lang='grc' dir='ltr'>ὁ</span> <span class='ocrx_word' id='word_1_162' title='bbox 1134 1280 1167 1313; x_wconf 86' lang='grc' dir='ltr'>δὲ</span> <span class='ocrx_word' id='word_1_163' title='bbox 1178 1281 1295 1321; x_wconf 81' lang='grc' dir='ltr'>ταύτης</span> <span class='ocrx_word' id='word_1_164' title='bbox 1309 1284 1401 1317; x_wconf 83' lang='grc' dir='ltr'>ἀδελ·</span> 
     </span>
     <span class='ocr_line' id='line_1_17' title="bbox 103 1308 1401 1380; baseline 0.027 -43"><span class='ocrx_word' id='word_1_165' title='bbox 103 1308 163 1347; x_wconf 83' lang='grc' dir='ltr'>φὸς</span> <span class='ocrx_word' id='word_1_166' title='bbox 178 1309 283 1351; x_wconf 87' lang='grc' dir='ltr'>Κρέων</span> <span class='ocrx_word' id='word_1_167' title='bbox 295 1312 457 1353; x_wconf 80' lang='grc' dir='ltr'>παρέλαβε</span> <span class='ocrx_word' id='word_1_168' title='bbox 469 1316 530 1355; x_wconf 83' lang='grc' dir='ltr'>τὴν</span> <span class='ocrx_word' id='word_1_169' title='bbox 544 1321 723 1354; x_wconf 84' lang='grc' dir='ltr'>βασιλείαν.</span> <span class='ocrx_word' id='word_1_170' title='bbox 741 1323 815 1357; x_wconf 82' lang='grc' dir='ltr'>οἶδὲ</span> <span class='ocrx_word' id='word_1_171' title='bbox 831 1327 966 1368; x_wconf 87' lang='grc' dir='ltr'>Ἀργεῖοι</span> <span class='ocrx_word' id='word_1_172' title='bbox 981 1331 1157 1370; x_wconf 84' lang='grc' dir='ltr'>νικηθέντες</span> <span class='ocrx_word' id='word_1_173' title='bbox 1169 1337 1215 1377; x_wconf 72' lang='grc' dir='ltr'>τῇ</span> <span class='ocrx_word' id='word_1_174' title='bbox 1227 1337 1316 1380; x_wconf 80' lang='grc' dir='ltr'>μάχῃ</span> <span class='ocrx_word' id='word_1_175' title='bbox 1331 1338 1401 1371; x_wconf 72' lang='grc' dir='ltr'>ἀνε·</span> 
     </span>
     <span class='ocr_line' id='line_1_18' title="bbox 104 1361 1399 1431; baseline 0.027 -40"><span class='ocrx_word' id='word_1_176' title='bbox 104 1361 266 1402; x_wconf 81' lang='grc' dir='ltr'>χώρησαν.</span> <span class='ocrx_word' id='word_1_177' title='bbox 311 1366 417 1407; x_wconf 89' lang='grc' dir='ltr'>Κρέων</span> <span class='ocrx_word' id='word_1_178' title='bbox 431 1369 464 1400; x_wconf 89' lang='grc' dir='ltr'>δὲ</span> <span class='ocrx_word' id='word_1_179' title='bbox 481 1372 641 1414; x_wconf 81' lang='grc' dir='ltr'>δυσχερῶς</span> <span class='ocrx_word' id='word_1_180' title='bbox 656 1375 769 1417; x_wconf 82' lang='grc' dir='ltr'>φέρων,</span> <span class='ocrx_word' id='word_1_181' title='bbox 785 1379 859 1411; x_wconf 83' lang='grc' dir='ltr'>τοὺς</span> <span class='ocrx_word' id='word_1_182' title='bbox 872 1382 932 1420; x_wconf 79' lang='grc' dir='ltr'>μὲν</span> <span class='ocrx_word' id='word_1_183' title='bbox 947 1384 1004 1415; x_wconf 79' lang='grc' dir='ltr'>ὑπὸ</span> <span class='ocrx_word' id='word_1_184' title='bbox 1019 1388 1061 1428; x_wconf 81' lang='grc' dir='ltr'>τῇ</span> <span class='ocrx_word' id='word_1_185' title='bbox 1075 1390 1215 1431; x_wconf 75' lang='grc' dir='ltr'>Καδμείᾳ</span> <span class='ocrx_word' id='word_1_186' title='bbox 1229 1393 1292 1423; x_wconf 79' lang='grc' dir='ltr'>τῶν</span> <span class='ocrx_word' id='word_1_187' title='bbox 1305 1399 1399 1426; x_wconf 48' lang='grc' dir='ltr'>πολὺ</span> 
     </span>
     <span class='ocr_line' id='line_1_19' title="bbox 99 1415 1400 1488; baseline 0.028 -43"><span class='ocrx_word' id='word_1_188' title='bbox 99 1415 178 1453; x_wconf 82' lang='grc' dir='ltr'>μίων</span> <span class='ocrx_word' id='word_1_189' title='bbox 199 1417 356 1453; x_wconf 87' lang='grc' dir='ltr'>πεσόντας</span> <span class='ocrx_word' id='word_1_190' title='bbox 379 1423 436 1454; x_wconf 79' lang='grc' dir='ltr'>οὐκ</span> <span class='ocrx_word' id='word_1_191' title='bbox 459 1424 574 1458; x_wconf 77' lang='grc' dir='ltr'>ἔδωκεν</span> <span class='ocrx_word' id='word_1_192' title='bbox 597 1429 639 1460; x_wconf 74' lang='grc' dir='ltr'>εἰς</span> <span class='ocrx_word' id='word_1_193' title='bbox 661 1430 779 1471; x_wconf 79' lang='grc' dir='ltr'>ταφήν·</span> <span class='ocrx_word' id='word_1_194' title='bbox 803 1437 1000 1476; x_wconf 84' lang='grc' dir='ltr'>Πολυνείκην</span> <span class='ocrx_word' id='word_1_195' title='bbox 1022 1439 1055 1472; x_wconf 78' lang='grc' dir='ltr'>δὲ</span> <span class='ocrx_word' id='word_1_196' title='bbox 1077 1441 1247 1480; x_wconf 88' lang='grc' dir='ltr'>ἀκήδευτον</span> <span class='ocrx_word' id='word_1_197' title='bbox 1268 1445 1400 1488; x_wconf 74' lang='grc' dir='ltr'>ἕῤῥιψεν·</span> 
     </span>
    </p>

    <p class='ocr_par' dir='ltr' id='par_1_3' title="bbox 99 1469 1398 1540">
     <span class='ocr_line' id='line_1_20' title="bbox 99 1469 1398 1540; baseline 0.025 -39"><span class='ocrx_word' id='word_1_198' title='bbox 99 1469 247 1504; x_wconf 77' lang='grc' dir='ltr'>Οἰδίπουν</span> <span class='ocrx_word' id='word_1_199' title='bbox 262 1473 295 1506; x_wconf 86' lang='grc' dir='ltr'>δὲ</span> <span class='ocrx_word' id='word_1_200' title='bbox 311 1477 438 1516; x_wconf 74' lang='grc' dir='ltr'>φυγάδα</span> <span class='ocrx_word' id='word_1_201' title='bbox 452 1481 512 1517; x_wconf 83' lang='grc' dir='ltr'>τῆς</span> <span class='ocrx_word' id='word_1_202' title='bbox 526 1482 674 1522; x_wconf 81' lang='grc' dir='ltr'>πατρίδος</span> <span class='ocrx_word' id='word_1_203' title='bbox 688 1484 883 1528; x_wconf 81' lang='grc' dir='ltr'>ἀπέπεμψεν,</span> <span class='ocrx_word' id='word_1_204' title='bbox 904 1490 953 1530; x_wconf 76' lang='grc' dir='ltr'>ἐφ’</span> <span class='ocrx_word' id='word_1_205' title='bbox 977 1491 1020 1524; x_wconf 72' lang='grc' dir='ltr'>ὧν</span> <span class='ocrx_word' id='word_1_206' title='bbox 1040 1494 1100 1534; x_wconf 84' lang='grc' dir='ltr'>μὲν</span> <span class='ocrx_word' id='word_1_207' title='bbox 1121 1497 1157 1528; x_wconf 82' lang='grc' dir='ltr'>οὐ</span> <span class='ocrx_word' id='word_1_208' title='bbox 1180 1499 1322 1540; x_wconf 81' lang='grc' dir='ltr'>φυλάξας</span> <span class='ocrx_word' id='word_1_209' title='bbox 1342 1502 1398 1533; x_wconf 78' lang='grc' dir='ltr'>τὸν</span> 
     </span>
    </p>

    <p class='ocr_par' dir='ltr' id='par_1_4' title="bbox 99 1524 1395 1594">
     <span class='ocr_line' id='line_1_21' title="bbox 99 1524 1395 1594; baseline 0.028 -40"><span class='ocrx_word' id='word_1_210' title='bbox 99 1524 290 1566; x_wconf 76' lang='grc' dir='ltr'>ἀνθρώπινον</span> <span class='ocrx_word' id='word_1_211' title='bbox 312 1528 416 1569; x_wconf 80' lang='grc' dir='ltr'>νόμον,</span> <span class='ocrx_word' id='word_1_212' title='bbox 442 1534 491 1573; x_wconf 86' lang='grc' dir='ltr'>ἐφ’</span> <span class='ocrx_word' id='word_1_213' title='bbox 506 1533 547 1566; x_wconf 75' lang='grc' dir='ltr'>ὧν</span> <span class='ocrx_word' id='word_1_214' title='bbox 562 1535 596 1568; x_wconf 85' lang='grc' dir='ltr'>δὲ</span> <span class='ocrx_word' id='word_1_215' title='bbox 611 1537 670 1575; x_wconf 78' lang='grc' dir='ltr'>τὴν</span> <span class='ocrx_word' id='word_1_216' title='bbox 686 1538 783 1580; x_wconf 78' lang='grc' dir='ltr'>ὀργὴν</span> <span class='ocrx_word' id='word_1_217' title='bbox 798 1543 1040 1584; x_wconf 73' lang='grc' dir='ltr'>λογοποιήσας,3</span> <span class='ocrx_word' id='word_1_218' title='bbox 1069 1550 1139 1584; x_wconf 85' lang='grc' dir='ltr'>οὐδὲ</span> <span class='ocrx_word' id='word_1_219' title='bbox 1154 1553 1236 1594; x_wconf 78' lang='grc' dir='ltr'>παρὰ</span> <span class='ocrx_word' id='word_1_220' title='bbox 1250 1554 1309 1594; x_wconf 80' lang='grc' dir='ltr'>τὴν</span> <span class='ocrx_word' id='word_1_221' title='bbox 1324 1557 1395 1588; x_wconf 63' lang='grc' dir='ltr'>δυο·-</span> 
     </span>
    </p>

    <p class='ocr_par' dir='ltr' id='par_1_5' title="bbox 102 1579 374 1621">
     <span class='ocr_line' id='line_1_22' title="bbox 102 1579 374 1621; baseline 0.029 -13"><span class='ocrx_word' id='word_1_222' title='bbox 102 1579 214 1618; x_wconf 82' lang='grc' dir='ltr'>τυχίαν</span> <span class='ocrx_word' id='word_1_223' title='bbox 229 1581 374 1621; x_wconf 66' lang='grc' dir='ltr'>ἐλεήσας.</span> 
     </span>
    </p>
   </div>
   <div class='ocr_carea' id='block_1_3' title="bbox 262 1662 1145 1978">
    <p class='ocr_par' dir='ltr' id='par_1_6' title="bbox 262 1662 1145 1978">
     <span class='ocr_line' id='line_1_23' title="bbox 489 1662 858 1708; baseline 0.027 -18"><span class='ocrx_word' id='word_1_224' title='bbox 489 1662 636 1700; x_wconf 79' lang='grc' dir='ltr'>Χρησμὸς</span> <span class='ocrx_word' id='word_1_225' title='bbox 652 1664 748 1697; x_wconf 75' lang='grc' dir='ltr'>δοθεὶς</span> <span class='ocrx_word' id='word_1_226' title='bbox 762 1667 858 1708; x_wconf 79' lang='grc' dir='ltr'>Λαΐῳ.</span> 
     </span>
     <span class='ocr_line' id='line_1_24' title="bbox 268 1706 1044 1768; baseline 0.028 -30"><span class='ocrx_word' id='word_1_227' title='bbox 268 1706 343 1740; x_wconf 77' lang='grc' dir='ltr'>Λάέἐ</span> <span class='ocrx_word' id='word_1_228' title='bbox 357 1712 546 1752; x_wconf 86' lang='grc' dir='ltr'>Λαβδακίδη,</span> <span class='ocrx_word' id='word_1_229' title='bbox 563 1715 679 1749; x_wconf 85' lang='grc' dir='ltr'>παίδων</span> <span class='ocrx_word' id='word_1_230' title='bbox 693 1718 785 1758; x_wconf 89' lang='grc' dir='ltr'>γένος</span> <span class='ocrx_word' id='word_1_231' title='bbox 802 1721 914 1760; x_wconf 77' lang='grc' dir='ltr'>ὄλβιον</span> <span class='ocrx_word' id='word_1_232' title='bbox 927 1725 1024 1760; x_wconf 86' lang='grc' dir='ltr'>αι’τεΐς</span> <span class='ocrx_word' id='word_1_233' title='bbox 1035 1742 1044 1768; x_wconf 84' lang='grc'><strong>;</strong></span> 
     </span>
     <span class='ocr_line' id='line_1_25' title="bbox 268 1762 1073 1818; baseline 0.029 -26"><span class='ocrx_word' id='word_1_234' title='bbox 268 1762 357 1793; x_wconf 82' lang='grc' dir='ltr'>δώσω</span> <span class='ocrx_word' id='word_1_235' title='bbox 372 1776 421 1796; x_wconf 88' lang='grc' dir='ltr'>τοι</span> <span class='ocrx_word' id='word_1_236' title='bbox 436 1765 532 1806; x_wconf 85' lang='grc' dir='ltr'>φίλον</span> <span class='ocrx_word' id='word_1_237' title='bbox 548 1769 622 1802; x_wconf 80' lang='grc' dir='ltr'>υἱόν·</span> <span class='ocrx_word' id='word_1_238' title='bbox 639 1770 718 1813; x_wconf 81' lang='grc' dir='ltr'>ἀτάρ</span> <span class='ocrx_word' id='word_1_239' title='bbox 733 1786 771 1806; x_wconf 92' lang='grc' dir='ltr'>σε</span> <span class='ocrx_word' id='word_1_240' title='bbox 785 1779 987 1818; x_wconf 84' lang='grc' dir='ltr'>πεπρωμένον</span> <span class='ocrx_word' id='word_1_241' title='bbox 1003 1783 1073 1814; x_wconf 80' lang='grc' dir='ltr'>ἐστὶ</span> 
     </span>
     <span class='ocr_line' id='line_1_26' title="bbox 267 1816 1073 1875; baseline 0.029 -29"><span class='ocrx_word' id='word_1_242' title='bbox 267 1816 376 1849; x_wconf 85' lang='grc' dir='ltr'>παιδὸς</span> <span class='ocrx_word' id='word_1_243' title='bbox 389 1819 443 1850; x_wconf 81' lang='grc' dir='ltr'>ἑοῦ</span> <span class='ocrx_word' id='word_1_244' title='bbox 454 1822 597 1862; x_wconf 89' lang='grc' dir='ltr'>χείρεσσι</span> <span class='ocrx_word' id='word_1_245' title='bbox 612 1828 715 1858; x_wconf 79' lang='grc' dir='ltr'>λιπεῖν</span> <span class='ocrx_word' id='word_1_246' title='bbox 730 1829 819 1869; x_wconf 87' lang='grc' dir='ltr'>φάος.</span> <span class='ocrx_word' id='word_1_247' title='bbox 836 1831 875 1864; x_wconf 76' lang='grc' dir='ltr'>ὣς</span> <span class='ocrx_word' id='word_1_248' title='bbox 890 1833 950 1875; x_wconf 80' lang='grc' dir='ltr'>γὰρ</span> <span class='ocrx_word' id='word_1_249' title='bbox 966 1835 1073 1869; x_wconf 82' lang='grc' dir='ltr'>ἔνευσε</span> 
     </span>
     <span class='ocr_line' id='line_1_27' title="bbox 264 1869 1139 1928; baseline 0.03 -29"><span class='ocrx_word' id='word_1_250' title='bbox 264 1869 343 1903; x_wconf 83' lang='grc' dir='ltr'>Ζεὺς</span> <span class='ocrx_word' id='word_1_251' title='bbox 359 1873 518 1913; x_wconf 80' lang='grc' dir='ltr'>Κρονίδης,</span> <span class='ocrx_word' id='word_1_252' title='bbox 535 1877 679 1912; x_wconf 84' lang='grc' dir='ltr'>Πέλοπος</span> <span class='ocrx_word' id='word_1_253' title='bbox 693 1887 862 1924; x_wconf 83' lang='grc' dir='ltr'>στυγεραῖς</span> <span class='ocrx_word' id='word_1_254' title='bbox 878 1886 981 1928; x_wconf 83' lang='grc' dir='ltr'>ἀραῖσι</span> <span class='ocrx_word' id='word_1_255' title='bbox 994 1890 1139 1928; x_wconf 79' lang='grc' dir='ltr'>πιθήσας,</span> 
     </span>
     <span class='ocr_line' id='line_1_28' title="bbox 262 1922 1145 1978; baseline 0.027 -23"><span class='ocrx_word' id='word_1_256' title='bbox 262 1922 303 1956; x_wconf 67' lang='grc' dir='ltr'>οὗ</span> <span class='ocrx_word' id='word_1_257' title='bbox 315 1923 413 1964; x_wconf 88' lang='grc' dir='ltr'>φίλον</span> <span class='ocrx_word' id='word_1_258' title='bbox 423 1928 565 1969; x_wconf 78' lang='grc' dir='ltr'>ἥρπασας</span> <span class='ocrx_word' id='word_1_259' title='bbox 581 1932 655 1964; x_wconf 83' lang='grc' dir='ltr'>υἱόν·</span> <span class='ocrx_word' id='word_1_260' title='bbox 672 1935 689 1965; x_wconf 82' lang='grc' dir='ltr'>ὁ</span> <span class='ocrx_word' id='word_1_261' title='bbox 705 1937 730 1967; x_wconf 76' lang='grc' dir='ltr'>δ’</span> <span class='ocrx_word' id='word_1_262' title='bbox 746 1939 863 1978; x_wconf 78' lang='grc' dir='ltr'>ηὔξατό</span> <span class='ocrx_word' id='word_1_263' title='bbox 878 1953 928 1973; x_wconf 82' lang='grc' dir='ltr'>σοι</span> <span class='ocrx_word' id='word_1_264' title='bbox 943 1942 1018 1976; x_wconf 86' lang='grc' dir='ltr'>τάδε</span> <span class='ocrx_word' id='word_1_265' title='bbox 1031 1945 1145 1978; x_wconf 80' lang='grc' dir='ltr'>πάντα.</span> 
     </span>
    </p>
   </div>
   <div class='ocr_carea' id='block_1_4' title="bbox 257 1998 1164 2318">
    <p class='ocr_par' dir='ltr' id='par_1_7' title="bbox 257 1998 1164 2318">
     <span class='ocr_line' id='line_1_29' title="bbox 437 1998 861 2049; baseline 0.031 -20"><span class='ocrx_word' id='word_1_266' title='bbox 437 1998 479 2029; x_wconf 84' lang='grc' dir='ltr'>Τὸ</span> <span class='ocrx_word' id='word_1_267' title='bbox 493 2002 552 2038; x_wconf 85' lang='grc' dir='ltr'>τῆς</span> <span class='ocrx_word' id='word_1_268' title='bbox 568 2005 711 2044; x_wconf 84' lang='grc' dir='ltr'>Σφιγγὸς</span> <span class='ocrx_word' id='word_1_269' title='bbox 723 2007 861 2049; x_wconf 60' lang='grc' dir='ltr'>αἴνιγμα,</span> 
     </span>
     <span class='ocr_line' id='line_1_30' title="bbox 257 2047 1124 2110; baseline 0.029 -33"><span class='ocrx_word' id='word_1_270' title='bbox 257 2047 349 2080; x_wconf 81' lang='grc' dir='ltr'>Ἔστι</span> <span class='ocrx_word' id='word_1_271' title='bbox 364 2049 471 2083; x_wconf 81' lang='grc' dir='ltr'>δίπουν</span> <span class='ocrx_word' id='word_1_272' title='bbox 486 2053 535 2084; x_wconf 83' lang='grc' dir='ltr'>ἐπὶ</span> <span class='ocrx_word' id='word_1_273' title='bbox 550 2058 623 2094; x_wconf 80' lang='grc' dir='ltr'>γῆς,</span> <span class='ocrx_word' id='word_1_274' title='bbox 639 2058 691 2090; x_wconf 81' lang='grc' dir='ltr'>καὶ</span> <span class='ocrx_word' id='word_1_275' title='bbox 705 2060 892 2102; x_wconf 74' lang='grc' dir='ltr'>τέτραπον,4</span> <span class='ocrx_word' id='word_1_276' title='bbox 906 2064 943 2097; x_wconf 77' lang='grc' dir='ltr'>οῧ</span> <span class='ocrx_word' id='word_1_277' title='bbox 953 2067 1009 2105; x_wconf 86' lang='grc' dir='ltr'>μία</span> <span class='ocrx_word' id='word_1_278' title='bbox 1025 2070 1124 2110; x_wconf 78' lang='grc' dir='ltr'>φωνὴ,</span> 
     </span>
     <span class='ocr_line' id='line_1_31' title="bbox 259 2101 1164 2164; baseline 0.029 -33"><span class='ocrx_word' id='word_1_279' title='bbox 259 2101 310 2133; x_wconf 72' lang='grc' dir='ltr'>καὶ</span> <span class='ocrx_word' id='word_1_280' title='bbox 321 2102 442 2143; x_wconf 87' lang='grc' dir='ltr'>τρίπον·</span> <span class='ocrx_word' id='word_1_281' title='bbox 459 2106 618 2141; x_wconf 81' lang='grc' dir='ltr'>ἀλλάσσει</span> <span class='ocrx_word' id='word_1_282' title='bbox 634 2112 667 2144; x_wconf 86' lang='grc' dir='ltr'>δὲ</span> <span class='ocrx_word' id='word_1_283' title='bbox 685 2115 768 2154; x_wconf 78' lang='grc' dir='ltr'>φυὴν</span> <span class='ocrx_word' id='word_1_284' title='bbox 781 2117 902 2155; x_wconf 78' lang='grc' dir='ltr'>μόνον,5</span> <span class='ocrx_word' id='word_1_285' title='bbox 920 2120 991 2152; x_wconf 67' lang='grc' dir='ltr'>ὄπτ’</span> <span class='ocrx_word' id='word_1_286' title='bbox 1008 2123 1058 2154; x_wconf 84' lang='grc' dir='ltr'>ἐπὶ</span> <span class='ocrx_word' id='word_1_287' title='bbox 1070 2125 1164 2164; x_wconf 84' lang='grc' dir='ltr'>γαῖαν</span> 
     </span>
     <span class='ocr_line' id='line_1_32' title="bbox 261 2156 1068 2209; baseline 0.027 -23"><span class='ocrx_word' id='word_1_288' title='bbox 261 2156 376 2196; x_wconf 76' lang='grc' dir='ltr'>ἑρπετὰ</span> <span class='ocrx_word' id='word_1_289' title='bbox 391 2162 532 2199; x_wconf 79' lang='grc' dir='ltr'>κινεῖται,</span> <span class='ocrx_word' id='word_1_290' title='bbox 545 2163 603 2196; x_wconf 85' lang='grc' dir='ltr'>ἀνά</span> <span class='ocrx_word' id='word_1_291' title='bbox 617 2167 646 2196; x_wconf 84' lang='grc' dir='ltr'>τ’</span> <span class='ocrx_word' id='word_1_292' title='bbox 663 2168 765 2209; x_wconf 78' lang='grc' dir='ltr'>αἰθέρα</span> <span class='ocrx_word' id='word_1_293' title='bbox 780 2171 831 2202; x_wconf 81' lang='grc' dir='ltr'>καὶ</span> <span class='ocrx_word' id='word_1_294' title='bbox 848 2174 929 2205; x_wconf 81' lang='grc' dir='ltr'>κατὰ</span> <span class='ocrx_word' id='word_1_295' title='bbox 940 2175 1068 2208; x_wconf 83' lang='grc' dir='ltr'>πόντον.</span> 
     </span>
     <span class='ocr_line' id='line_1_33' title="bbox 260 2208 1088 2274; baseline 0.028 -34"><span class='ocrx_word' id='word_1_296' title='bbox 260 2208 334 2242; x_wconf 69' lang='grc' dir='ltr'>ἀλλ’</span> <span class='ocrx_word' id='word_1_297' title='bbox 349 2212 469 2245; x_wconf 77' lang='grc' dir='ltr'>ὁπόταν</span> <span class='ocrx_word' id='word_1_298' title='bbox 480 2216 669 2251; x_wconf 76' lang='grc' dir='ltr'>πλεόνεσσιν</span> <span class='ocrx_word' id='word_1_299' title='bbox 684 2223 877 2264; x_wconf 86' lang='grc' dir='ltr'>ἐρειδόμενον</span> <span class='ocrx_word' id='word_1_300' title='bbox 892 2229 968 2260; x_wconf 80' lang='grc' dir='ltr'>ποσὶ</span> <span class='ocrx_word' id='word_1_301' title='bbox 983 2230 1088 2274; x_wconf 79' lang='grc' dir='ltr'>βαίνῃ,</span> 
     </span>
     <span class='ocr_line' id='line_1_34' title="bbox 260 2263 1055 2318; baseline 0.029 -24"><span class='ocrx_word' id='word_1_302' title='bbox 260 2263 333 2296; x_wconf 85' lang='grc' dir='ltr'>ἔνθα</span> <span class='ocrx_word' id='word_1_303' title='bbox 347 2265 451 2306; x_wconf 79' lang='grc' dir='ltr'>τάχος</span> <span class='ocrx_word' id='word_1_304' title='bbox 465 2270 599 2309; x_wconf 82' lang='grc' dir='ltr'>γυίοισιν</span> <span class='ocrx_word' id='word_1_305' title='bbox 613 2273 831 2318; x_wconf 79' lang='grc' dir='ltr'>ἀφαυρότατον</span> <span class='ocrx_word' id='word_1_306' title='bbox 845 2280 935 2314; x_wconf 86' lang='grc' dir='ltr'>πέλει</span> <span class='ocrx_word' id='word_1_307' title='bbox 951 2284 1055 2316; x_wconf 70' lang='grc' dir='ltr'>αὐτοῦ.</span> 
     </span>
    </p>
   </div>
   <div class='ocr_carea' id='block_1_5' title="bbox 86 2359 698 2464">
    <p class='ocr_par' dir='ltr' id='par_1_8' title="bbox 86 2359 698 2464">
     <span class='ocr_line' id='line_1_35' title="bbox 90 2359 597 2416; baseline 0.03 -24"><span class='ocrx_word' id='word_1_308' title='bbox 90 2363 98 2377; x_wconf 83' lang='grc'><em>“</em></span> <span class='ocrx_word' id='word_1_309' title='bbox 124 2359 237 2404; x_wconf 88' lang='lat' dir='ltr'>[Adde</span> <span class='ocrx_word' id='word_1_310' title='bbox 253 2365 393 2400; x_wconf 84' lang='lat' dir='ltr'>Lexicis.</span> <span class='ocrx_word' id='word_1_311' title='bbox 421 2372 464 2402; x_wconf 84' lang='lat' dir='ltr'>G.</span> <span class='ocrx_word' id='word_1_312' title='bbox 480 2373 527 2404; x_wconf 91' lang='lat' dir='ltr'>H.</span> <span class='ocrx_word' id='word_1_313' title='bbox 542 2375 597 2416; x_wconf 84' lang='lat' dir='ltr'>S.]</span> 
     </span>
     <span class='ocr_line' id='line_1_36' title="bbox 86 2407 698 2464; baseline 0.029 -29"><span class='ocrx_word' id='word_1_314' title='bbox 86 2407 103 2425; x_wconf 86' lang='lat'>2</span> <span class='ocrx_word' id='word_1_315' title='bbox 127 2407 223 2449; x_wconf 84' lang='lat' dir='ltr'><strong>[Leg.</strong></span> <span class='ocrx_word' id='word_1_316' title='bbox 237 2412 498 2452; x_wconf 83' lang='grc' dir='ltr'>παραταξόμενος.</span> <span class='ocrx_word' id='word_1_317' title='bbox 524 2418 567 2449; x_wconf 89' lang='lat' dir='ltr'>G.</span> <span class='ocrx_word' id='word_1_318' title='bbox 582 2419 631 2451; x_wconf 87' lang='lat' dir='ltr'>H.</span> <span class='ocrx_word' id='word_1_319' title='bbox 645 2421 698 2464; x_wconf 87' lang='lat' dir='ltr'>S.]</span> 
     </span>
    </p>
   </div>
   <div class='ocr_carea' id='block_1_6' title="bbox 86 2448 1329 2521">
    <p class='ocr_par' dir='ltr' id='par_1_9' title="bbox 86 2448 1329 2521">
     <span class='ocr_line' id='line_1_37' title="bbox 86 2448 1329 2521; baseline 0.026 -43"><span class='ocrx_word' id='word_1_320' title='bbox 86 2448 101 2470; x_wconf 80' lang='grc'><em>3</em></span> <span class='ocrx_word' id='word_1_321' title='bbox 130 2449 242 2490; x_wconf 88' lang='lat' dir='ltr'>[Hunc</span> <span class='ocrx_word' id='word_1_322' title='bbox 258 2455 347 2485; x_wconf 83' lang='lat' dir='ltr'>verbi</span> <span class='ocrx_word' id='word_1_323' title='bbox 361 2459 542 2496; x_wconf 86' lang='grc' dir='ltr'>λογοποιεῖν</span> <span class='ocrx_word' id='word_1_324' title='bbox 556 2472 648 2494; x_wconf 85' lang='lat' dir='ltr'><strong>usum</strong></span> <span class='ocrx_word' id='word_1_325' title='bbox 662 2465 895 2510; x_wconf 79' lang='lat' dir='ltr'>Lexicographi</span> <span class='ocrx_word' id='word_1_326' title='bbox 910 2474 1130 2514; x_wconf 67' lang='lat' dir='ltr'>neglexerunt.</span> <span class='ocrx_word' id='word_1_327' title='bbox 1157 2480 1199 2511; x_wconf 89' lang='lat' dir='ltr'>G.</span> <span class='ocrx_word' id='word_1_328' title='bbox 1215 2479 1262 2511; x_wconf 91' lang='lat' dir='ltr'>H.</span> <span class='ocrx_word' id='word_1_329' title='bbox 1277 2479 1329 2521; x_wconf 87' lang='lat' dir='ltr'>S.]</span> 
     </span>
    </p>
   </div>
   <div class='ocr_carea' id='block_1_7' title="bbox 41 2492 1376 2601">
    <p class='ocr_par' dir='ltr' id='par_1_10' title="bbox 41 2492 1376 2601">
     <span class='ocr_line' id='line_1_38' title="bbox 84 2492 1376 2564; baseline 0.026 -43"><span class='ocrx_word' id='word_1_330' title='bbox 84 2493 104 2514; x_wconf 76' lang='lat'>4</span> <span class='ocrx_word' id='word_1_331' title='bbox 127 2492 280 2535; x_wconf 84' lang='lat' dir='ltr'><strong>[Rectius</strong></span> <span class='ocrx_word' id='word_1_332' title='bbox 305 2499 470 2539; x_wconf 84' lang='grc' dir='ltr'>τετράπον,</span> <span class='ocrx_word' id='word_1_333' title='bbox 486 2507 522 2533; x_wconf 86' lang='lat' dir='ltr'>ut</span> <span class='ocrx_word' id='word_1_334' title='bbox 536 2505 658 2538; x_wconf 86' lang='lat' dir='ltr'><strong>editum</strong></span> <span class='ocrx_word' id='word_1_335' title='bbox 677 2509 712 2540; x_wconf 88' lang='lat' dir='ltr'>in</span> <span class='ocrx_word' id='word_1_336' title='bbox 727 2510 827 2542; x_wconf 88' lang='lat' dir='ltr'><strong>Arato</strong></span> <span class='ocrx_word' id='word_1_337' title='bbox 843 2517 917 2546; x_wconf 71' lang='lat'>214.</span> <span class='ocrx_word' id='word_1_338' title='bbox 934 2522 967 2546; x_wconf 85' lang='lat' dir='ltr'>et</span> <span class='ocrx_word' id='word_1_339' title='bbox 982 2517 1140 2552; x_wconf 81' lang='lat' dir='ltr'><strong>Athenaeo</strong></span> <span class='ocrx_word' id='word_1_340' title='bbox 1156 2526 1180 2553; x_wconf 77' lang='lat' dir='ltr'>t,</span> <span class='ocrx_word' id='word_1_341' title='bbox 1195 2522 1237 2554; x_wconf 85' lang='lat' dir='ltr'>iv.</span> <span class='ocrx_word' id='word_1_342' title='bbox 1252 2533 1285 2564; x_wconf 89' lang='lat' dir='ltr'>p.</span> <span class='ocrx_word' id='word_1_343' title='bbox 1302 2526 1376 2555; x_wconf 83' lang='grc'><strong>173.</strong></span> 
     </span>
     <span class='ocr_line' id='line_1_39' title="bbox 41 2534 991 2601; baseline 0.029 -38"><span class='ocrx_word' id='word_1_344' title='bbox 41 2534 143 2566; x_wconf 84' lang='lat' dir='ltr'><strong>Schw.</strong></span> <span class='ocrx_word' id='word_1_345' title='bbox 157 2535 280 2569; x_wconf 86' lang='lat' dir='ltr'><strong>Eodem</strong></span> <span class='ocrx_word' id='word_1_346' title='bbox 295 2542 390 2572; x_wconf 89' lang='lat' dir='ltr'>modo</span> <span class='ocrx_word' id='word_1_347' title='bbox 405 2544 606 2580; x_wconf 74' lang='lat' dir='ltr'>scribend‘um</span> <span class='ocrx_word' id='word_1_348' title='bbox 620 2552 790 2586; x_wconf 81' lang='grc' dir='ltr'>πουλύπος.</span> <span class='ocrx_word' id='word_1_349' title='bbox 817 2557 860 2587; x_wconf 88' lang='lat' dir='ltr'>G.</span> <span class='ocrx_word' id='word_1_350' title='bbox 878 2557 924 2588; x_wconf 86' lang='lat' dir='ltr'>H.</span> <span class='ocrx_word' id='word_1_351' title='bbox 939 2559 991 2601; x_wconf 85' lang='lat' dir='ltr'>S.]</span> 
     </span>
    </p>
   </div>
   <div class='ocr_carea' id='block_1_8' title="bbox 38 2575 1373 2670">
    <p class='ocr_par' dir='ltr' id='par_1_11' title="bbox 38 2575 1373 2670">
     <span class='ocr_line' id='line_1_40' title="bbox 83 2575 1373 2670; baseline 0.027 -62"><span class='ocrx_word' id='word_1_352' title='bbox 83 2575 288 2657; x_wconf 52' lang='grc' dir='ltr'>Ξοιζῧὸυῑέυῧ</span> <span class='ocrx_word' id='word_1_353' title='bbox 296 2585 423 2670; x_wconf 53' lang='grc' dir='ltr'>τὲιῖΝ.</span> <span class='ocrx_word' id='word_1_354' title='bbox 433 2594 500 2620; x_wconf 80' lang='lat' dir='ltr'><strong>not.</strong></span> <span class='ocrx_word' id='word_1_355' title='bbox 515 2590 554 2623; x_wconf 78' lang='lat' dir='ltr'>ad</span> <span class='ocrx_word' id='word_1_356' title='bbox 566 2590 714 2630; x_wconf 82' lang='lat' dir='ltr'><strong>Cleanth.</strong></span> <span class='ocrx_word' id='word_1_357' title='bbox 724 2596 757 2628; x_wconf 90' lang='grc' dir='ltr'><strong><em>Η</em></strong></span> <span class='ocrx_word' id='word_1_358' title='bbox 757 2608 843 2639; x_wconf 87' lang='lat' dir='ltr'><strong>ymn.</strong></span> <span class='ocrx_word' id='word_1_359' title='bbox 855 2610 885 2632; x_wconf 72' lang='lat' dir='ltr'>v,</span> <span class='ocrx_word' id='word_1_360' title='bbox 895 2605 926 2633; x_wconf 83' lang='lat'>5.</span> <span class='ocrx_word' id='word_1_361' title='bbox 941 2602 975 2635; x_wconf 85' lang='lat' dir='ltr'>in</span> <span class='ocrx_word' id='word_1_362' title='bbox 987 2603 1140 2639; x_wconf 83' lang='lat' dir='ltr'><strong>Brunckii</strong></span> <span class='ocrx_word' id='word_1_363' title='bbox 1151 2607 1246 2641; x_wconf 70' lang='grc' dir='ltr'>Ροὸῐ.</span> <span class='ocrx_word' id='word_1_364' title='bbox 1257 2608 1373 2641; x_wconf 85' lang='lat' dir='ltr'><strong>Gnom.</strong></span> 
     </span>
     <span class='ocr_line' id='line_1_41' title="bbox 38 2630 346 2662; baseline 0.019 -11"><span class='ocrx_word' id='word_1_365' title='bbox 38 2630 72 2662; x_wconf 80' lang='lat' dir='ltr'>p.</span> <span class='ocrx_word' id='word_1_366' title='bbox 154 2643 162 2653; x_wconf 91' lang='lat'>.</span> <span class='ocrx_word' id='word_1_367' title='bbox 223 2646 231 2655; x_wconf 93' lang='lat'><strong><em>.</em></strong></span> <span class='ocrx_word' id='word_1_368' title='bbox 286 2647 295 2656; x_wconf 84' lang='lat'><strong>.</strong></span> <span class='ocrx_word' id='word_1_369' title='bbox 339 2649 346 2657; x_wconf 91' lang='lat'>.</span> 
     </span>
    </p>
   </div>
   <div class='ocr_carea' id='block_1_9' title="bbox 125 2681 1241 2742">
    <p class='ocr_par' dir='ltr' id='par_1_12' title="bbox 125 2681 1241 2742">
     <span class='ocr_line' id='line_1_42' title="bbox 125 2681 1241 2742; baseline 0.026 -29"><span class='ocrx_word' id='word_1_370' title='bbox 125 2681 240 2726; x_wconf 83' lang='lat' dir='ltr'><strong><em>Eurip.</em></strong></span> <span class='ocrx_word' id='word_1_371' title='bbox 256 2685 366 2719; x_wconf 77' lang='lat' dir='ltr'><em>Phoen.</em></span> <span class='ocrx_word' id='word_1_372' title='bbox 1209 2710 1241 2742; x_wconf 87' lang='lat' dir='ltr'>A</span> 
     </span>
    </p>
   </div>
  </div>
 </body>
</html>
