1566 2789
140 155 199 198 92

138 261 314 299 μαστεύειν,
330 264 475 301 ματεύειν
486 266 547 295 767

137 304 259 343 μαστὸς
274 311 306 335 et
320 305 417 345 μαζὸς
430 307 559 337 confusa
573 309 631 337 141

138 348 237 387 μᾶτερ
252 353 283 378 et
297 350 395 390 μῆτερ
409 349 536 380 confusa
551 353 615 381 372

137 389 240 430 μάτηρ
262 392 271 420 i

137 433 291 472 μέγιστον
306 445 374 465 eum
392 436 579 476 superlativo
595 439 658 467 618

137 476 290 516 μείλιγμα
307 478 355 508 xix

137 519 251 558 μέλεος
264 531 335 551 cum
352 521 487 561 genitivo
500 524 576 554 425.
614 520 636 552 ὦ
652 520 729 560 μέλε
744 520 787 552 iv-

183 562 270 593 Add.
287 566 368 595 1161

138 606 279 644 μεμπτὸς
294 607 394 637 active
410 610 493 638 1117

138 648 258 688 μέντοι.
281 660 321 687 ’γε
334 649 441 688 μέντοι
456 654 520 682 598

137 692 356 731 μετακλάομαι
370 696 432 724 215

138 735 363 775 μεταστείχειν
371 743 402 766 et
413 735 645 775 μεταστέλλειν
657 737 786 767 confusa

139 822 264 861 μετρεῖν
278 822 383 853 κανόνι
397 826 461 854 600

137 866 410 905 μετωποσώφρονα
424 865 573 906 πρόσωπα
588 865 656 895 xxvi

138 906 193 945 μή.
239 909 387 939 vetantis
414 909 575 949 particulae
599 909 787 939 constructio

182 961 252 981 cum
292 952 476 991 imperativo
514 958 547 981 et
584 951 786 991 conjunctivo

185 997 279 1025 1166.
325 995 376 1024 An
392 1000 465 1035 post
480 994 523 1032 μὴ
546 993 648 1024 Attici
663 1007 678 1025 ο
695 995 785 1024 θῶε-

182 1037 323 1067 rint‘728

138 1078 216 1118 μηδὲ
231 1085 262 1109 et
275 1079 355 1118 μήτε
369 1080 498 1110 confusa
513 1083 574 1111 373

138 1122 208 1160 ,unss’
224 1122 277 1159 εἷς,
292 1123 362 1161 μηδ’
378 1122 422 1159 ἓν,
447 1123 552 1153 Attica
567 1122 721 1154 scribendi
738 1132 785 1153 ra—

182 1166 238 1195 tio.
283 1166 324 1198 V.
341 1177 366 1196 s.
381 1177 411 1195 v.
427 1166 489 1197 οὐδ’
506 1165 549 1198 εἷς

137 1207 199 1246 μὴν
215 1215 247 1239 et
261 1208 312 1246 μὶν
327 1209 456 1240 confusa
470 1212 532 1240 401

137 1249 229 1289 μήπω
246 1255 328 1283 1260

137 1294 217 1331 μήτε
233 1301 265 1324 et
279 1294 356 1332 μηδὲ
372 1295 499 1325 confusa
513 1298 575 1326 373

137 1338 235 1376 μῆτερ
250 1346 282 1368 et
296 1339 394 1377 μᾶτερ
406 1338 535 1368 confusa
548 1340 612 1368 372

138 1380 258 1420 μιαρός.
282 1379 305 1410 ὦ
320 1380 401 1420 μιάρ’
417 1380 532 1420 ἀνδρῶν
552 1381 593 1410 xl.
637 1378 660 1410 ὦ
674 1379 784 1420 μιαρώ-

182 1423 253 1454 τατ’
269 1422 433 1463 ἀνθρώπων
448 1424 477 1453 xl

137 1466 190 1504 μὶν
206 1472 238 1496 et
252 1466 314 1504 μὴν
328 1467 456 1496 confusa
470 1469 531 1498 401

138 1508 290 1547 μόρὙνυμι
306 1510 366 1539 xix.
390 1512 454 1540 728

139 1551 233 1591 μόρος
248 1552 330 1593 apud
345 1551 494 1593 Tragicos
509 1552 692 1591 plerumque
707 1561 785 1581 mor-

180 1603 246 1624 tem
261 1595 417 1635 significat
432 1598 513 1626 1252

139 1638 251 1676 μοῦνος
263 1638 317 1668 viii

139 1679 273 1719 μουσικὴ
288 1681 356 1711 sine
372 1680 504 1711 articulo
520 1683 594 1712 782.
621 1679 681 1720 [V.
697 1680 735 1710 ad
756 1691 785 1710 v.

183 1721 320 1765 ἱππική]

444 1857 483 1884 Ν.

142 1949 159 1968 ν
184 1943 217 1968 et
238 1950 258 1975 η
282 1937 411 1968 confusa
444 1940 475 1968 2.
501 1949 518 1967 ν
545 1943 576 1966 et
602 1943 634 1967 λι
658 1937 785 1967 confusa

184 1980 272 2010 Add.
285 1983 379 2011 1161.
408 1991 425 2010 ν
438 1985 469 2010 et
483 1993 505 2018 μ
519 1980 648 2009 confusa
664 1983 739 2011 369.
770 1991 786 2008 ν

183 2024 332 2054 facillime
359 2023 523 2057 omittitur,
549 2033 619 2052 cum
645 2023 677 2052 in
707 2022 787 2053 Mss.

183 2076 269 2106 saepe
285 2076 339 2106 per
352 2070 481 2096 tenuem
502 2065 646 2096 lineolam
670 2065 786 2106 signifi-

184 2114 273 2138 cetur
286 2111 350 2140 332

141 2151 254 2188 ναύτης
269 2150 457 2192 adjectivum
473 2153 537 2181 909

141 2194 290 2233 νεαγενὴς
301 2199 333 2224 et
347 2193 476 2232 εὐγενὴς
490 2192 620 2224 confusa
634 2193 683 2223 xiv

142 2238 249 2277 νεκρὸς
263 2237 396 2267 cadaver
409 2239 471 2268 665

140 2279 363 2318 Νεοπτόλεμος
378 2279 429 2308 xvi

141 2323 305 2362 νικώμενος
316 2329 348 2352 et
363 2321 568 2361 κρατούμενος
580 2321 710 2352 confusa
725 2324 787 2352 332

140 2366 189 2396 νὶν
204 2364 365 2395 abundans
381 2365 424 2396 vii

142 2407 255 2439 νυίδιον
270 2407 373 2437 xxxvii

141 2450 234 2488 νόμος
249 2456 281 2480 et
291 2449 368 2489 ’γόος
382 2449 511 2481 confusa
526 2452 590 2481 679

141 2494 196 2525 νῦν
210 2496 252 2525 60

141 2537 182 2568 νὼ
207 2547 246 2566 an
276 2535 455 2566 encliticum
482 2535 550 2566 fieri
577 2535 675 2575 possit
701 2534 785 2564 xxiii.

185 2580 377 2621 [Porsonum
403 2587 492 2608 suam
522 2578 600 2608 mihi
633 2577 787 2608 rationem

185 2632 249 2651 non
274 2621 433 2661 probasse,
461 2622 535 2651 satis
559 2620 679 2651 indicat
702 2619 786 2659 quod

185 2663 295 2696 addidi
310 2663 433 2706 signum
447 2663 669 2706 interrogandi.
714 2662 787 2699 Quo

593 169 768 201 INDEX
813 166 1050 200 GRAECUS.

876 261 962 290 enim
978 266 1161 297 argumento
1176 261 1264 292 nobis
1278 265 1478 305 persuadebi-

875 311 935 340 tur,
949 304 1048 334 dualis
1063 303 1214 343 majorem
1235 316 1301 337 esse
1319 318 1411 349 quam
1428 320 1478 339 ce-

876 352 1009 377 terorum
1048 357 1251 378 numerorum
1292 351 1476 391 emphasin?

876 390 950 421 Jam
970 401 1041 420 cum
1063 390 1161 421 ceteri
1182 393 1301 422 numeri
1323 394 1480 434 patiantur

875 433 1021 469 enclisin,
1046 433 1122 473 quid
1145 435 1273 465 tandem
1295 446 1395 466 causae
1411 447 1479 467 esse

875 475 1024 511 dicamus,
1047 487 1102 506 cur
1122 475 1223 507 dualis
1240 488 1303 508 non
1319 480 1478 519 patiatur?

877 519 939 555 Qui
955 519 1055 549 sicubi
1067 519 1210 549 inclinari
1226 528 1359 562 recusat,
1369 533 1433 552 non
1445 524 1480 553 fit

876 567 1051 601 propterea,
1061 562 1145 602 quod
1159 562 1258 593 dualis
1268 570 1326 600 est,
1340 569 1392 595 sed
1404 565 1479 606 quia

875 605 944 634 aliae
956 605 1094 634 rationes
1103 605 1339 637 inclinationem
1349 618 1413 639 non
1424 609 1478 638 ad·

875 647 1013 678 mittunt.
1039 648 1082 679 G.
1097 648 1142 679 H.
1159 649 1214 690 S.]

1140 780 1162 788 ι-

1143 790 1159 798 .-

1140 800 1162 809 ¹-

832 861 928 899 ξεΐνος
945 860 1008 891 viii.
1043 861 1130 901 [Hoc
1144 863 1241 893 etiam
1256 863 1385 894 Pei-soni
1402 875 1478 905 pra?-

874 910 999 944 ceptum
1024 905 1134 934 vellem
1160 908 1305 936 Osannus
1328 908 1478 938 attentius

875 947 1075 987 expendisset
1087 947 1232 988 Inscript.
1244 949 1262 979 ἰ.
1273 960 1306 990 p.
1317 954 1369 982 30.
1395 950 1477 980 Nam

875 989 914 1019 de
943 990 1118 1029 promiscuo
1147 1003 1202 1021 usu
1226 992 1331 1023 formae
1358 993 1476 1024 Ionicae

875 1031 1035 1062 Pomanus
1050 1032 1118 1064 οὐδὲ
1134 1034 1203 1074 ’γρύ-
1241 1036 1282 1066 G.
1301 1036 1349 1066 Η.
1365 1036 1419 1077 S.]

831 1075 884 1114 ξὺν
905 1078 975 1106 115.
1009 1076 1067 1116 [V.
1086 1077 1226 1108 Boot-kh.
1244 1079 1357 1109 OEcon.
1383 1079 1476 1109 Polit.

875 1117 991 1148 Athen.
1007 1125 1030 1148 t.
1053 1120 1083 1148 ii.
1104 1130 1176 1159 pag.
1201 1123 1275 1152 202.
1301 1127 1333 1151 et
1357 1121 1477 1152 Osann.

874 1161 1020 1202 Inscript.
1035 1162 1056 1191 i.
1073 1173 1104 1202 p.
1121 1166 1173 1194 33.
1215 1164 1256 1195 G.
1275 1164 1320 1195 H.
1338 1164 1390 1205 S.]

1137 1295 1175 1322 Ο.

830 1388 846 1407 ο
863 1385 902 1406 an
925 1381 996 1415 post
1017 1377 1060 1416 μὴ
1075 1378 1211 1408 elidatur
1225 1380 1302 1409 728.
1325 1389 1364 1409 an
1388 1380 1426 1410 ab
1442 1391 1478 1411 ου

874 1418 949 1448 elidi
964 1421 1062 1460 possit
1078 1424 1141 1452 728

832 1462 859 1498 ὁ,
874 1461 905 1498 ἡ,
920 1461 968 1493 τό.
1016 1462 1179 1494 Articulus
1207 1465 1328 1496 inutilis
1356 1465 1478 1496 deletus

875 1507 927 1535 60.
950 1505 979 1535 οἱ
992 1505 1064 1544 ’μοὶ,
1081 1507 1169 1543 ὃύμοῖ
1184 1511 1247 1539 334

832 1547 883 1578 ὅδε
899 1554 931 1577 et
945 1546 1035 1580 οὗτος
1050 1550 1178 1580 confusa
1191 1551 1285 1582 xxviii

832 1590 901 1621 ὁδὸς
916 1591 1139 1630 βουλευμάτων
1154 1597 1217 1626 732

833 1632 993 1673 ὀδύρεσθαι
1008 1636 1066 1665 xix.
1081 1639 1144 1666 728

831 1676 989 1713 Ὀδυσεὺς,
1004 1678 1174 1710 Ὀδυσσεὺς
1190 1682 1249 1711 107

832 1719 876 1749 ὅθ’
892 1719 1012 1750 οὕνεκα.
1028 1721 1068 1751 V.
1086 1732 1109 1751 s.
1127 1733 1156 1751 v.
1173 1722 1222 1753 ὅτι

831 1760 948 1801 οἷζυρὸς
962 1763 1145 1800 Atticoium,
1161 1775 1222 1795 non
1238 1765 1358 1806 ὀϊζυρὸς
1373 1779 1392 1795 ν

832 1803 913 1843 visits
930 1806 1116 1843 Atticorum,
1131 1818 1195 1837 non
1211 1807 1291 1848 ὀϊζὺς
1306 1821 1337 1840 v.
1354 1813 1418 1842 936

832 1847 950 1884 Οἰκλῆς
963 1849 1139 1890 disyllabon
1156 1851 1332 1882 Atticorum
1347 1853 1377 1882 vi

832 1889 988 1930 οἷκτῖζειν,
1004 1891 1189 1931 οἰκτίζεσθαι
1205 1897 1269 1926 709

832 1933 944 1965 Οῖλεὺς
958 1935 1134 1976 disyllabon
1148 1937 1321 1967 Atticoru'm
1340 1938 1369 1967 vi

830 1988 932 2011 --oto,
948 1978 1040 2014 -οἰ,
1057 1979 1210 2016 genitivus
1227 1979 1354 2011 Ionicus
1368 1982 1430 2012 465

832 2019 894 2051 οἶός
907 2031 942 2050 τε
956 2020 1023 2050 sine
1038 2020 1096 2060 εἰμὶ
1114 2025 1195 2053 1161

832 2061 918 2103 οἷπερ
935 2068 968 2092 et
981 2061 1074 2104 οὗπερ
1092 2067 1174 2096 1062

833 2104 878 2136 οἷς
893 2105 1072 2136 Atticorum
1082 2108 1114 2136 vi

833 2147 911 2179 οἶσθ’
926 2146 980 2179 οὖν
995 2149 1012 2180 ὃ
1028 2150 1161 2189 δρᾶσον;
1184 2155 1246 2180 etc.
1263 2153 1325 2182 225

833 2191 936 2222 οἷο-τὸς
951 2192 1127 2233 disyllabon
1142 2192 1321 2224 Atticorum
1335 2194 1366 2224 vi

833 2233 980 2265 ὀκέλλειν
995 2238 1058 2266 728

832 2278 1045 2316 ὁμολογοῦμαι
1059 2289 1128 2308 cum
1145 2278 1310 2320 participio
1323 2282 1386 2311 358

832 2319 999 2360 ὄμόργνυμι
1014 2321 1074 2350 xix.
1089 2323 1152 2352 728

832 2362 893 2399 ὅπη
909 2370 942 2393 et
956 2363 1025 2394 ὅποι
1039 2363 1061 2393 i.
1077 2374 1108 2404 q.
1125 2364 1227 2394 ἐκεῖσε
1242 2363 1320 2395 ὅπου
1332 2367 1416 2396 1062

832 2405 923 2441 ὅπως,
952 2410 961 2423 ‘
974 2405 1031 2440 ut‚’
1062 2407 1103 2436 de
1130 2407 1358 2437 constructione
1388 2409 1474 2439 Add.

876 2451 970 2479 1141.
994 2447 1075 2480 ὅπως
1085 2450 1136 2479 vel
1152 2449 1232 2480 ὅπως
1242 2451 1285 2488 μὴ
1295 2450 1476 2491 plerumque

873 2500 942 2521 eum
971 2492 1109 2522 secunda
1135 2502 1280 2532 persona,
1307 2493 1476 2535 aliquando

874 2541 942 2563 cum
960 2535 1060 2570 tertia,
1074 2535 1172 2565 rarius
1192 2545 1264 2565 cum
1285 2535 1385 2575 prima
1399 2546 1475 2566 con-

871 2576 998 2607 struitur
1021 2580 1095 2609 398.
1129 2577 1210 2610 ὅπως
1231 2583 1265 2609 et
1285 2578 1325 2612 ὡς
1347 2578 1475 2610 confusa

872 2618 959 2648 Add.
976 2623 988 2651 1
999 2622 1058 2651 161

830 2659 994 2701 ὀρειβάτης
1007 2665 1070 2696 204
